timestamp,run_id,runtime_seconds,gladiator,arena,accuracy,best_mae,final_mae,architecture,loss_function,hidden_activation,output_activation,weight_initializer,normalization_scheme,learning_rate,epoch_count,convergence_condition,problem_type,sample_count,target_min,target_max,target_min_label,target_max_label,target_mean,target_stdev,notes,rerun_config,seed
2025-06-07T14:40:13.821135,1,4.821746,All_Defaults,Predict_Income_2_Inputs,95.29552506902318,11399.548561003892,11987.534886151021,"[4, 4, 1]",Binary Cross-Entropy,LeakyReLU,Sigmoid,He (Kaiming),WIP,0.1,100,Did Not Converge,Regression,30,44434.81952477718,502562.755520923,,,254811.32457989285,135800.4079823932,notes here,coming soon,599059
2025-06-07T14:40:19.295882,2,4.795139,All_Defaults,Predict_Income_2_Inputs,-1.761896008532382,259300.83513695447,259300.83513695447,"[4, 4, 1]",Binary Cross-Entropy,LeakyReLU,Sigmoid,Large Random,WIP,1e-06,100,Did Not Converge,Regression,30,44434.81952477718,502562.755520923,,,254811.32457989285,135800.4079823932,notes here,coming soon,599059
2025-06-07T14:40:25.022788,3,4.774627,All_Defaults,Predict_Income_2_Inputs,52.698611846270474,120529.29369919472,120529.29369919472,"[4, 4, 1]",Binary Cross-Entropy,LeakyReLU,Sigmoid,Xavier Kill ReLU,WIP,0.1,100,Did Not Converge,Regression,30,44434.81952477718,502562.755520923,,,254811.32457989285,135800.4079823932,notes here,coming soon,599059
2025-06-07T14:40:30.849154,4,4.843568,All_Defaults,Predict_Income_2_Inputs,95.46215424677183,11476.775647621227,11562.9448711931,"[4, 4, 1]",Binary Cross-Entropy,LeakyReLU,Sigmoid,LeCun,WIP,0.1,100,Did Not Converge,Regression,30,44434.81952477718,502562.755520923,,,254811.32457989285,135800.4079823932,notes here,coming soon,599059
2025-06-07T14:40:32.635941,5,0.79006,All_Defaults,Predict_Income_2_Inputs,95.51034732049804,11246.787840763502,11440.143461675594,"[4, 4, 1]",Binary Cross-Entropy,LeakyReLU,Sigmoid,Normal Random,WIP,0.1,100,Did Not Converge,Regression,30,44434.81952477718,502562.755520923,,,254811.32457989285,135800.4079823932,notes here,coming soon,599059
2025-06-07T14:40:34.395284,6,0.781198,All_Defaults,Predict_Income_2_Inputs,53.1423020586741,119398.72079193771,119398.72079193771,"[4, 4, 1]",Binary Cross-Entropy,LeakyReLU,Sigmoid,Small Random,WIP,0.01,100,Did Not Converge,Regression,30,44434.81952477718,502562.755520923,,,254811.32457989285,135800.4079823932,notes here,coming soon,599059
2025-06-07T14:40:36.130441,7,0.726731,All_Defaults,Predict_Income_2_Inputs,94.96380860141556,12443.091645519138,12832.786011111632,"[4, 4, 1]",Binary Cross-Entropy,LeakyReLU,Sigmoid,Uniform Random,WIP,0.1,100,Did Not Converge,Regression,30,44434.81952477718,502562.755520923,,,254811.32457989285,135800.4079823932,notes here,coming soon,599059
2025-06-07T14:40:37.937938,8,0.785821,All_Defaults,Predict_Income_2_Inputs,95.03480523823997,12650.800852209686,12651.878540412185,"[4, 4, 1]",Binary Cross-Entropy,LeakyReLU,Sigmoid,Xavier (Glorot),WIP,0.1,100,Did Not Converge,Regression,30,44434.81952477718,502562.755520923,,,254811.32457989285,135800.4079823932,notes here,coming soon,599059
2025-06-07T14:40:39.064460,9,0.460876,All_Defaults,Predict_Income_2_Inputs,93.7464106524393,13955.920065807646,15934.85385030653,"[4, 4, 1]",Binary Cross-Entropy,None,Sigmoid,He (Kaiming),WIP,0.01,100,Did Not Converge,Regression,30,44434.81952477718,502562.755520923,,,254811.32457989285,135800.4079823932,notes here,coming soon,599059
2025-06-07T14:40:40.047625,10,0.488767,All_Defaults,Predict_Income_2_Inputs,-31.179570422823065,334260.4009726088,334260.4009726088,"[4, 4, 1]",Binary Cross-Entropy,None,Sigmoid,Large Random,WIP,1e-06,100,Did Not Converge,Regression,30,44434.81952477718,502562.755520923,,,254811.32457989285,135800.4079823932,notes here,coming soon,599059
2025-06-07T14:40:41.271657,11,0.533125,All_Defaults,Predict_Income_2_Inputs,93.210136530309,17301.3410442859,17301.3410442859,"[4, 4, 1]",Binary Cross-Entropy,None,Sigmoid,Xavier Kill ReLU,WIP,0.1,100,Did Not Converge,Regression,30,44434.81952477718,502562.755520923,,,254811.32457989285,135800.4079823932,notes here,coming soon,599059
2025-06-07T14:40:42.452778,12,0.508097,All_Defaults,Predict_Income_2_Inputs,93.79367167280931,13894.363260021999,15814.427418291712,"[4, 4, 1]",Binary Cross-Entropy,None,Sigmoid,LeCun,WIP,0.01,100,Did Not Converge,Regression,30,44434.81952477718,502562.755520923,,,254811.32457989285,135800.4079823932,notes here,coming soon,599059
2025-06-07T14:40:43.694656,13,0.546509,All_Defaults,Predict_Income_2_Inputs,93.79566933424115,12942.402239557376,15809.337150736596,"[4, 4, 1]",Binary Cross-Entropy,None,Sigmoid,Normal Random,WIP,0.001,100,Did Not Converge,Regression,30,44434.81952477718,502562.755520923,,,254811.32457989285,135800.4079823932,notes here,coming soon,599059
2025-06-07T14:40:44.947834,14,0.488105,All_Defaults,Predict_Income_2_Inputs,53.14213051263388,119399.15791067504,119399.15791067504,"[4, 4, 1]",Binary Cross-Entropy,None,Sigmoid,Small Random,WIP,0.01,100,Did Not Converge,Regression,30,44434.81952477718,502562.755520923,,,254811.32457989285,135800.4079823932,notes here,coming soon,599059
2025-06-07T14:40:46.102783,15,0.462775,All_Defaults,Predict_Income_2_Inputs,93.69162850720359,14551.175973685085,16074.444960214885,"[4, 4, 1]",Binary Cross-Entropy,None,Sigmoid,Uniform Random,WIP,0.1,100,Did Not Converge,Regression,30,44434.81952477718,502562.755520923,,,254811.32457989285,135800.4079823932,notes here,coming soon,599059
2025-06-07T14:40:47.293839,16,0.497359,All_Defaults,Predict_Income_2_Inputs,93.77699639686851,12694.692044791043,15856.917909793827,"[4, 4, 1]",Binary Cross-Entropy,None,Sigmoid,Xavier (Glorot),WIP,0.01,100,Did Not Converge,Regression,30,44434.81952477718,502562.755520923,,,254811.32457989285,135800.4079823932,notes here,coming soon,599059
2025-06-07T14:40:48.890340,17,0.672966,All_Defaults,Predict_Income_2_Inputs,95.3516805564195,11514.470788468238,11844.444344892197,"[4, 4, 1]",Binary Cross-Entropy,ReLU,Sigmoid,He (Kaiming),WIP,0.1,100,Did Not Converge,Regression,30,44434.81952477718,502562.755520923,,,254811.32457989285,135800.4079823932,notes here,coming soon,599059
2025-06-07T14:40:50.235427,18,0.674854,All_Defaults,Predict_Income_2_Inputs,3.73230097398497,245300.9990307735,245300.9990307735,"[4, 4, 1]",Binary Cross-Entropy,ReLU,Sigmoid,Large Random,WIP,1e-06,100,Did Not Converge,Regression,30,44434.81952477718,502562.755520923,,,254811.32457989285,135800.4079823932,notes here,coming soon,599059
2025-06-07T14:40:51.909797,19,0.740388,All_Defaults,Predict_Income_2_Inputs,53.146026350009535,116839.95186775392,119389.23087585469,"[4, 4, 1]",Binary Cross-Entropy,ReLU,Sigmoid,Xavier Kill ReLU,WIP,0.01,100,Did Not Converge,Regression,30,44434.81952477718,502562.755520923,,,254811.32457989285,135800.4079823932,notes here,coming soon,599059
2025-06-07T14:40:53.540466,20,0.723833,All_Defaults,Predict_Income_2_Inputs,95.42670372365659,11584.97545094147,11653.276818713592,"[4, 4, 1]",Binary Cross-Entropy,ReLU,Sigmoid,LeCun,WIP,0.1,100,Did Not Converge,Regression,30,44434.81952477718,502562.755520923,,,254811.32457989285,135800.4079823932,notes here,coming soon,599059
2025-06-07T14:40:55.240698,21,0.734368,All_Defaults,Predict_Income_2_Inputs,95.5781755653272,11267.309412587101,11267.309412587101,"[4, 4, 1]",Binary Cross-Entropy,ReLU,Sigmoid,Normal Random,WIP,0.1,100,Did Not Converge,Regression,30,44434.81952477718,502562.755520923,,,254811.32457989285,135800.4079823932,notes here,coming soon,599059
2025-06-07T14:40:56.874941,22,0.721824,All_Defaults,Predict_Income_2_Inputs,53.1423046879692,119398.71409219604,119398.71409219604,"[4, 4, 1]",Binary Cross-Entropy,ReLU,Sigmoid,Small Random,WIP,0.01,100,Did Not Converge,Regression,30,44434.81952477718,502562.755520923,,,254811.32457989285,135800.4079823932,notes here,coming soon,599059
2025-06-07T14:40:58.512274,23,0.681672,All_Defaults,Predict_Income_2_Inputs,94.92823792264663,12510.844847895216,12923.424128844821,"[4, 4, 1]",Binary Cross-Entropy,ReLU,Sigmoid,Uniform Random,WIP,0.1,100,Did Not Converge,Regression,30,44434.81952477718,502562.755520923,,,254811.32457989285,135800.4079823932,notes here,coming soon,599059
2025-06-07T14:41:00.230115,24,0.744692,All_Defaults,Predict_Income_2_Inputs,95.01309121074962,12707.208341479984,12707.208341479984,"[4, 4, 1]",Binary Cross-Entropy,ReLU,Sigmoid,Xavier (Glorot),WIP,0.1,100,Did Not Converge,Regression,30,44434.81952477718,502562.755520923,,,254811.32457989285,135800.4079823932,notes here,coming soon,599059
2025-06-07T14:41:01.583917,25,0.567542,All_Defaults,Predict_Income_2_Inputs,91.78997995357258,20920.060828576425,20920.060828576425,"[4, 4, 1]",Binary Cross-Entropy,Sigmoid,Sigmoid,He (Kaiming),WIP,0.1,100,Did Not Converge,Regression,30,44434.81952477718,502562.755520923,,,254811.32457989285,135800.4079823932,notes here,coming soon,599059
2025-06-07T14:41:02.776474,26,0.578092,All_Defaults,Predict_Income_2_Inputs,1.1218467027000023,251952.73213698712,251952.73213698712,"[4, 4, 1]",Binary Cross-Entropy,Sigmoid,Sigmoid,Large Random,WIP,1e-06,100,Did Not Converge,Regression,30,44434.81952477718,502562.755520923,,,254811.32457989285,135800.4079823932,notes here,coming soon,599059
2025-06-07T14:41:04.201657,27,0.608037,All_Defaults,Predict_Income_2_Inputs,88.53761258532884,29207.4611998025,29207.4611998025,"[4, 4, 1]",Binary Cross-Entropy,Sigmoid,Sigmoid,Xavier Kill ReLU,WIP,0.1,100,Did Not Converge,Regression,30,44434.81952477718,502562.755520923,,,254811.32457989285,135800.4079823932,notes here,coming soon,599059
2025-06-07T14:41:05.529797,28,0.576047,All_Defaults,Predict_Income_2_Inputs,91.66402413658979,21241.0105142157,21241.0105142157,"[4, 4, 1]",Binary Cross-Entropy,Sigmoid,Sigmoid,LeCun,WIP,0.1,100,Did Not Converge,Regression,30,44434.81952477718,502562.755520923,,,254811.32457989285,135800.4079823932,notes here,coming soon,599059
2025-06-07T14:41:06.925725,29,0.603619,All_Defaults,Predict_Income_2_Inputs,91.87693834640311,20698.48099597156,20698.48099597156,"[4, 4, 1]",Binary Cross-Entropy,Sigmoid,Sigmoid,Normal Random,WIP,0.1,100,Did Not Converge,Regression,30,44434.81952477718,502562.755520923,,,254811.32457989285,135800.4079823932,notes here,coming soon,599059
2025-06-07T14:41:08.292771,30,0.596507,All_Defaults,Predict_Income_2_Inputs,53.10258011260738,119499.93680885923,119499.93680885923,"[4, 4, 1]",Binary Cross-Entropy,Sigmoid,Sigmoid,Small Random,WIP,0.01,100,Did Not Converge,Regression,30,44434.81952477718,502562.755520923,,,254811.32457989285,135800.4079823932,notes here,coming soon,599059
2025-06-07T14:41:09.628471,31,0.545841,All_Defaults,Predict_Income_2_Inputs,91.18133920631605,22470.946378593777,22470.946378593777,"[4, 4, 1]",Binary Cross-Entropy,Sigmoid,Sigmoid,Uniform Random,WIP,0.1,100,Did Not Converge,Regression,30,44434.81952477718,502562.755520923,,,254811.32457989285,135800.4079823932,notes here,coming soon,599059
2025-06-07T14:41:11.028651,32,0.591278,All_Defaults,Predict_Income_2_Inputs,91.1305048002719,22600.478201977203,22600.478201977203,"[4, 4, 1]",Binary Cross-Entropy,Sigmoid,Sigmoid,Xavier (Glorot),WIP,0.1,100,Did Not Converge,Regression,30,44434.81952477718,502562.755520923,,,254811.32457989285,135800.4079823932,notes here,coming soon,599059
2025-06-07T14:41:12.424701,33,0.571972,All_Defaults,Predict_Income_2_Inputs,97.20389199583089,7124.799842107738,7124.799842107738,"[4, 4, 1]",Binary Cross-Entropy,Tanh,Sigmoid,He (Kaiming),WIP,0.1,100,Did Not Converge,Regression,30,44434.81952477718,502562.755520923,,,254811.32457989285,135800.4079823932,notes here,coming soon,599059
2025-06-07T14:41:13.576809,34,0.563096,All_Defaults,Predict_Income_2_Inputs,41.793945235741305,148315.61913050542,148315.61913050542,"[4, 4, 1]",Binary Cross-Entropy,Tanh,Sigmoid,Large Random,WIP,1e-06,100,Did Not Converge,Regression,30,44434.81952477718,502562.755520923,,,254811.32457989285,135800.4079823932,notes here,coming soon,599059
2025-06-07T14:41:15.039055,35,0.631784,All_Defaults,Predict_Income_2_Inputs,79.03192467658984,53350.12018976784,53429.03047049109,"[4, 4, 1]",Binary Cross-Entropy,Tanh,Sigmoid,Xavier Kill ReLU,WIP,0.1,100,Did Not Converge,Regression,30,44434.81952477718,502562.755520923,,,254811.32457989285,135800.4079823932,notes here,coming soon,599059
2025-06-07T14:41:16.534314,36,0.652249,All_Defaults,Predict_Income_2_Inputs,96.58088357996974,8685.592010532298,8712.295838807728,"[4, 4, 1]",Binary Cross-Entropy,Tanh,Sigmoid,LeCun,WIP,0.1,100,Did Not Converge,Regression,30,44434.81952477718,502562.755520923,,,254811.32457989285,135800.4079823932,notes here,coming soon,599059
2025-06-07T14:41:18.029856,37,0.631138,All_Defaults,Predict_Income_2_Inputs,97.81465385575142,5568.509456815448,5568.509456815448,"[4, 4, 1]",Binary Cross-Entropy,Tanh,Sigmoid,Normal Random,WIP,0.1,100,Did Not Converge,Regression,30,44434.81952477718,502562.755520923,,,254811.32457989285,135800.4079823932,notes here,coming soon,599059
2025-06-07T14:41:19.476006,38,0.641298,All_Defaults,Predict_Income_2_Inputs,53.142130530251144,119399.15786578429,119399.15786578429,"[4, 4, 1]",Binary Cross-Entropy,Tanh,Sigmoid,Small Random,WIP,0.01,100,Did Not Converge,Regression,30,44434.81952477718,502562.755520923,,,254811.32457989285,135800.4079823932,notes here,coming soon,599059
2025-06-07T14:41:20.878950,39,0.575872,All_Defaults,Predict_Income_2_Inputs,95.28239438765713,11868.634696377596,12020.993349266237,"[4, 4, 1]",Binary Cross-Entropy,Tanh,Sigmoid,Uniform Random,WIP,0.1,100,Did Not Converge,Regression,30,44434.81952477718,502562.755520923,,,254811.32457989285,135800.4079823932,notes here,coming soon,599059
2025-06-07T14:41:22.322038,40,0.618956,All_Defaults,Predict_Income_2_Inputs,91.75930495665605,20998.224194534305,20998.224194534305,"[4, 4, 1]",Binary Cross-Entropy,Tanh,Sigmoid,Xavier (Glorot),WIP,0.1,100,Did Not Converge,Regression,30,44434.81952477718,502562.755520923,,,254811.32457989285,135800.4079823932,notes here,coming soon,599059
2025-06-07T14:41:24.043725,41,0.817663,All_Defaults,Predict_Income_2_Inputs,0.0035487440675940896,254802.28197812827,254802.28197812827,"[4, 4, 1]",Binary Cross-Entropy with Logits,LeakyReLU,None,He (Kaiming),WIP,1e-09,100,Did Not Converge,Regression,30,44434.81952477718,502562.755520923,,,254811.32457989285,135800.4079823932,notes here,coming soon,599059
2025-06-07T14:41:24.145696,42,0.004124,All_Defaults,Predict_Income_2_Inputs,-2.0091504125538936e+16,5.1195427790309835e+19,5.1195427790309835e+19,"[4, 4, 1]",Binary Cross-Entropy with Logits,LeakyReLU,None,Large Random,WIP,1e-06,1,Gradient Explosion,Regression,30,44434.81952477718,502562.755520923,,,254811.32457989285,135800.4079823932,notes here,coming soon,599059
2025-06-07T14:41:25.818731,43,0.761724,All_Defaults,Predict_Income_2_Inputs,-2.748514256075461e+20,233802.1857670586,7.003525582173071e+23,"[4, 4, 1]",Binary Cross-Entropy with Logits,LeakyReLU,None,Xavier Kill ReLU,WIP,1e-07,98,Gradient Explosion,Regression,30,44434.81952477718,502562.755520923,,,254811.32457989285,135800.4079823932,notes here,coming soon,599059
2025-06-07T14:41:26.823151,44,0.168365,All_Defaults,Predict_Income_2_Inputs,-4.071256076337928e+23,253759.37152928367,1.0374021535156048e+27,"[4, 4, 1]",Binary Cross-Entropy with Logits,LeakyReLU,None,LeCun,WIP,1e-08,23,Gradient Explosion,Regression,30,44434.81952477718,502562.755520923,,,254811.32457989285,135800.4079823932,notes here,coming soon,599059
2025-06-07T14:41:28.546721,45,0.803902,All_Defaults,Predict_Income_2_Inputs,0.018215869372117943,254764.90848186202,254764.90848186202,"[4, 4, 1]",Binary Cross-Entropy with Logits,LeakyReLU,None,Normal Random,WIP,1e-09,100,Did Not Converge,Regression,30,44434.81952477718,502562.755520923,,,254811.32457989285,135800.4079823932,notes here,coming soon,599059
2025-06-07T14:41:30.133920,46,0.71796,All_Defaults,Predict_Income_2_Inputs,-2.564351703663963e+28,250620.63788368777,6.534258542993192e+31,"[4, 4, 1]",Binary Cross-Entropy with Logits,LeakyReLU,None,Small Random,WIP,1e-08,92,Gradient Explosion,Regression,30,44434.81952477718,502562.755520923,,,254811.32457989285,135800.4079823932,notes here,coming soon,599059
2025-06-07T14:41:31.923801,47,0.840756,All_Defaults,Predict_Income_2_Inputs,0.0019115384066514807,254806.45376355902,254806.45376355902,"[4, 4, 1]",Binary Cross-Entropy with Logits,LeakyReLU,None,Uniform Random,WIP,1e-09,100,Did Not Converge,Regression,30,44434.81952477718,502562.755520923,,,254811.32457989285,135800.4079823932,notes here,coming soon,599059
2025-06-07T14:41:33.642446,48,0.832884,All_Defaults,Predict_Income_2_Inputs,0.03765065851405458,254715.38643822013,254715.38643822013,"[4, 4, 1]",Binary Cross-Entropy with Logits,LeakyReLU,None,Xavier (Glorot),WIP,1e-09,100,Did Not Converge,Regression,30,44434.81952477718,502562.755520923,,,254811.32457989285,135800.4079823932,notes here,coming soon,599059
2025-06-07T14:41:34.641875,49,0.434518,All_Defaults,Predict_Income_2_Inputs,-1.988415969028494e+18,115005.07988912676,5.066709068839618e+21,"[4, 4, 1]",Binary Cross-Entropy with Logits,None,None,He (Kaiming),WIP,1e-09,83,Gradient Explosion,Regression,30,44434.81952477718,502562.755520923,,,254811.32457989285,135800.4079823932,notes here,coming soon,599059
2025-06-07T14:41:35.565117,50,0.534466,All_Defaults,Predict_Income_2_Inputs,-1929375032.026022,2731156980253.364,4916266330030.563,"[4, 4, 1]",Binary Cross-Entropy with Logits,None,None,Large Random,WIP,1.0000000000000005e-14,100,Did Not Converge,Regression,30,44434.81952477718,502562.755520923,,,254811.32457989285,135800.4079823932,notes here,coming soon,599059
2025-06-07T14:41:36.612404,51,0.454887,All_Defaults,Predict_Income_2_Inputs,-2.5952627596413478e+26,173201.20358811106,6.6130234141708e+29,"[4, 4, 1]",Binary Cross-Entropy with Logits,None,None,Xavier Kill ReLU,WIP,1e-09,85,Gradient Explosion,Regression,30,44434.81952477718,502562.755520923,,,254811.32457989285,135800.4079823932,notes here,coming soon,599059
2025-06-07T14:41:37.719608,52,0.488425,All_Defaults,Predict_Income_2_Inputs,0.224093153583671,254240.30984695346,254240.30984695346,"[4, 4, 1]",Binary Cross-Entropy with Logits,None,None,LeCun,WIP,1e-09,100,Did Not Converge,Regression,30,44434.81952477718,502562.755520923,,,254811.32457989285,135800.4079823932,notes here,coming soon,599059
2025-06-07T14:41:38.615054,53,0.305728,All_Defaults,Predict_Income_2_Inputs,-4.80780964790615e+25,119555.5666516066,1.2250843447109543e+29,"[4, 4, 1]",Binary Cross-Entropy with Logits,None,None,Normal Random,WIP,1e-09,61,Gradient Explosion,Regression,30,44434.81952477718,502562.755520923,,,254811.32457989285,135800.4079823932,notes here,coming soon,599059
2025-06-07T14:41:39.634574,54,0.421737,All_Defaults,Predict_Income_2_Inputs,-2.3019254396781997e+22,227785.71947138367,5.865566703685543e+25,"[4, 4, 1]",Binary Cross-Entropy with Logits,None,None,Small Random,WIP,1e-08,79,Gradient Explosion,Regression,30,44434.81952477718,502562.755520923,,,254811.32457989285,135800.4079823932,notes here,coming soon,599059
2025-06-07T14:41:40.846942,55,0.542886,All_Defaults,Predict_Income_2_Inputs,0.01391624828305238,254775.864403311,254775.864403311,"[4, 4, 1]",Binary Cross-Entropy with Logits,None,None,Uniform Random,WIP,1e-09,100,Did Not Converge,Regression,30,44434.81952477718,502562.755520923,,,254811.32457989285,135800.4079823932,notes here,coming soon,599059
2025-06-07T14:41:41.987118,56,0.546042,All_Defaults,Predict_Income_2_Inputs,60.209679679510806,101390.24226322077,101390.24226322077,"[4, 4, 1]",Binary Cross-Entropy with Logits,None,None,Xavier (Glorot),WIP,1e-09,100,Did Not Converge,Regression,30,44434.81952477718,502562.755520923,,,254811.32457989285,135800.4079823932,notes here,coming soon,599059
2025-06-07T14:41:42.229153,57,0.006344,All_Defaults,Predict_Income_2_Inputs,-3.3185491994434224e+16,8.45603917193724e+19,8.45603917193724e+19,"[4, 4, 1]",Binary Cross-Entropy with Logits,ReLU,None,He (Kaiming),WIP,1e-06,1,Gradient Explosion,Regression,30,44434.81952477718,502562.755520923,,,254811.32457989285,135800.4079823932,notes here,coming soon,599059
2025-06-07T14:41:42.325694,58,0.004613,All_Defaults,Predict_Income_2_Inputs,-1.9810332179570532e+16,5.047896983044068e+19,5.047896983044068e+19,"[4, 4, 1]",Binary Cross-Entropy with Logits,ReLU,None,Large Random,WIP,1e-06,1,Gradient Explosion,Regression,30,44434.81952477718,502562.755520923,,,254811.32457989285,135800.4079823932,notes here,coming soon,599059
2025-06-07T14:41:43.917184,59,0.665424,All_Defaults,Predict_Income_2_Inputs,-98.42386436567585,116742.64871078717,505606.47707278864,"[4, 4, 1]",Binary Cross-Entropy with Logits,ReLU,None,Xavier Kill ReLU,WIP,0.001,100,Did Not Converge,Regression,30,44434.81952477718,502562.755520923,,,254811.32457989285,135800.4079823932,notes here,coming soon,599059
2025-06-07T14:41:44.778272,60,0.145725,All_Defaults,Predict_Income_2_Inputs,-1.28527187376261e+27,253964.17600995066,3.2750182859873153e+30,"[4, 4, 1]",Binary Cross-Entropy with Logits,ReLU,None,LeCun,WIP,1e-08,23,Gradient Explosion,Regression,30,44434.81952477718,502562.755520923,,,254811.32457989285,135800.4079823932,notes here,coming soon,599059
2025-06-07T14:41:46.247357,61,0.663561,All_Defaults,Predict_Income_2_Inputs,0.016734040198940203,254768.6843504062,254768.6843504062,"[4, 4, 1]",Binary Cross-Entropy with Logits,ReLU,None,Normal Random,WIP,1e-09,100,Did Not Converge,Regression,30,44434.81952477718,502562.755520923,,,254811.32457989285,135800.4079823932,notes here,coming soon,599059
2025-06-07T14:41:47.644004,62,0.61154,All_Defaults,Predict_Income_2_Inputs,-2.214907608255049e+27,250658.5872560389,5.643835414815515e+30,"[4, 4, 1]",Binary Cross-Entropy with Logits,ReLU,None,Small Random,WIP,1e-08,92,Gradient Explosion,Regression,30,44434.81952477718,502562.755520923,,,254811.32457989285,135800.4079823932,notes here,coming soon,599059
2025-06-07T14:41:49.254375,63,0.726339,All_Defaults,Predict_Income_2_Inputs,0.0019238453311642978,254806.42240412164,254806.42240412164,"[4, 4, 1]",Binary Cross-Entropy with Logits,ReLU,None,Uniform Random,WIP,1e-09,100,Did Not Converge,Regression,30,44434.81952477718,502562.755520923,,,254811.32457989285,135800.4079823932,notes here,coming soon,599059
2025-06-07T14:41:50.726200,64,0.698592,All_Defaults,Predict_Income_2_Inputs,0.0385042568988081,254713.21137286935,254713.21137286935,"[4, 4, 1]",Binary Cross-Entropy with Logits,ReLU,None,Xavier (Glorot),WIP,1e-09,100,Did Not Converge,Regression,30,44434.81952477718,502562.755520923,,,254811.32457989285,135800.4079823932,notes here,coming soon,599059
2025-06-07T14:41:52.079954,65,0.529744,All_Defaults,Predict_Income_2_Inputs,-396.805294719099,116659.97581963764,1265916.1520567767,"[4, 4, 1]",Binary Cross-Entropy with Logits,Sigmoid,None,He (Kaiming),WIP,0.001,100,Did Not Converge,Regression,30,44434.81952477718,502562.755520923,,,254811.32457989285,135800.4079823932,notes here,coming soon,599059
2025-06-07T14:41:53.535223,66,0.611975,All_Defaults,Predict_Income_2_Inputs,-400.4664822152108,116659.97581963762,1275245.2724109725,"[4, 4, 1]",Binary Cross-Entropy with Logits,Sigmoid,None,Large Random,WIP,0.001,100,Did Not Converge,Regression,30,44434.81952477718,502562.755520923,,,254811.32457989285,135800.4079823932,notes here,coming soon,599059
2025-06-07T14:41:54.861225,67,0.562516,All_Defaults,Predict_Income_2_Inputs,-98.42386442975103,116742.6487107872,505606.4772360595,"[4, 4, 1]",Binary Cross-Entropy with Logits,Sigmoid,None,Xavier Kill ReLU,WIP,0.001,100,Did Not Converge,Regression,30,44434.81952477718,502562.755520923,,,254811.32457989285,135800.4079823932,notes here,coming soon,599059
2025-06-07T14:41:56.254813,68,0.588124,All_Defaults,Predict_Income_2_Inputs,-396.79827529294005,116659.97581963762,1265898.2657640032,"[4, 4, 1]",Binary Cross-Entropy with Logits,Sigmoid,None,LeCun,WIP,0.001,100,Did Not Converge,Regression,30,44434.81952477718,502562.755520923,,,254811.32457989285,135800.4079823932,notes here,coming soon,599059
2025-06-07T14:41:57.648077,69,0.594455,All_Defaults,Predict_Income_2_Inputs,-396.80987148723415,116659.97581963762,1265927.8141802847,"[4, 4, 1]",Binary Cross-Entropy with Logits,Sigmoid,None,Normal Random,WIP,0.001,100,Did Not Converge,Regression,30,44434.81952477718,502562.755520923,,,254811.32457989285,135800.4079823932,notes here,coming soon,599059
2025-06-07T14:41:59.017986,70,0.547316,All_Defaults,Predict_Income_2_Inputs,38.433452042412,116783.98515636194,156878.53634884497,"[4, 4, 1]",Binary Cross-Entropy with Logits,Sigmoid,None,Small Random,WIP,9.999999999999999e-05,100,Did Not Converge,Regression,30,44434.81952477718,502562.755520923,,,254811.32457989285,135800.4079823932,notes here,coming soon,599059
2025-06-07T14:42:00.426585,71,0.589072,All_Defaults,Predict_Income_2_Inputs,49.992254053548244,116792.25244506815,127425.3998387014,"[4, 4, 1]",Binary Cross-Entropy with Logits,Sigmoid,None,Uniform Random,WIP,9.999999999999999e-05,100,Did Not Converge,Regression,30,44434.81952477718,502562.755520923,,,254811.32457989285,135800.4079823932,notes here,coming soon,599059
2025-06-07T14:42:01.775796,72,0.548056,All_Defaults,Predict_Income_2_Inputs,49.99191117400474,116792.252446592,127426.27353460791,"[4, 4, 1]",Binary Cross-Entropy with Logits,Sigmoid,None,Xavier (Glorot),WIP,9.999999999999999e-05,100,Did Not Converge,Regression,30,44434.81952477718,502562.755520923,,,254811.32457989285,135800.4079823932,notes here,coming soon,599059
2025-06-07T14:42:03.198653,73,0.605373,All_Defaults,Predict_Income_2_Inputs,38.42902457578787,116783.98515636194,156889.81803519523,"[4, 4, 1]",Binary Cross-Entropy with Logits,Tanh,None,He (Kaiming),WIP,9.999999999999999e-05,100,Did Not Converge,Regression,30,44434.81952477718,502562.755520923,,,254811.32457989285,135800.4079823932,notes here,coming soon,599059
2025-06-07T14:42:04.587416,74,0.608908,All_Defaults,Predict_Income_2_Inputs,29.477653901142244,116783.98515636194,179698.92421931584,"[4, 4, 1]",Binary Cross-Entropy with Logits,Tanh,None,Large Random,WIP,9.999999999999999e-05,100,Did Not Converge,Regression,30,44434.81952477718,502562.755520923,,,254811.32457989285,135800.4079823932,notes here,coming soon,599059
2025-06-07T14:42:05.945125,75,0.544018,All_Defaults,Predict_Income_2_Inputs,38.409613227242254,116783.98515636194,156939.28034954314,"[4, 4, 1]",Binary Cross-Entropy with Logits,Tanh,None,Xavier Kill ReLU,WIP,9.999999999999999e-05,100,Did Not Converge,Regression,30,44434.81952477718,502562.755520923,,,254811.32457989285,135800.4079823932,notes here,coming soon,599059
2025-06-07T14:42:07.336705,76,0.583603,All_Defaults,Predict_Income_2_Inputs,38.457208358790474,116783.98515636196,156818.00256440957,"[4, 4, 1]",Binary Cross-Entropy with Logits,Tanh,None,LeCun,WIP,9.999999999999999e-05,100,Did Not Converge,Regression,30,44434.81952477718,502562.755520923,,,254811.32457989285,135800.4079823932,notes here,coming soon,599059
2025-06-07T14:42:08.722631,77,0.568699,All_Defaults,Predict_Income_2_Inputs,38.42739571020742,116783.98515636193,156893.9685691564,"[4, 4, 1]",Binary Cross-Entropy with Logits,Tanh,None,Normal Random,WIP,9.999999999999999e-05,100,Did Not Converge,Regression,30,44434.81952477718,502562.755520923,,,254811.32457989285,135800.4079823932,notes here,coming soon,599059
2025-06-07T14:42:10.125397,78,0.596541,All_Defaults,Predict_Income_2_Inputs,38.505412824150866,116783.98515636193,156695.1721277181,"[4, 4, 1]",Binary Cross-Entropy with Logits,Tanh,None,Small Random,WIP,9.999999999999999e-05,100,Did Not Converge,Regression,30,44434.81952477718,502562.755520923,,,254811.32457989285,135800.4079823932,notes here,coming soon,599059
2025-06-07T14:42:11.505898,79,0.594358,All_Defaults,Predict_Income_2_Inputs,38.45415668783555,116783.98515636194,156825.77856759162,"[4, 4, 1]",Binary Cross-Entropy with Logits,Tanh,None,Uniform Random,WIP,9.999999999999999e-05,100,Did Not Converge,Regression,30,44434.81952477718,502562.755520923,,,254811.32457989285,135800.4079823932,notes here,coming soon,599059
2025-06-07T14:42:12.912300,80,0.577472,All_Defaults,Predict_Income_2_Inputs,38.43345986152594,116783.98515636194,156878.51642485714,"[4, 4, 1]",Binary Cross-Entropy with Logits,Tanh,None,Xavier (Glorot),WIP,9.999999999999999e-05,100,Did Not Converge,Regression,30,44434.81952477718,502562.755520923,,,254811.32457989285,135800.4079823932,notes here,coming soon,599059
2025-06-07T14:42:14.573282,81,0.832548,All_Defaults,Predict_Income_2_Inputs,99.98546388596218,37.039664722207334,37.039664722207334,"[4, 4, 1]",Half Wit Error,LeakyReLU,None,He (Kaiming),WIP,1e-08,100,Did Not Converge,Regression,30,44434.81952477718,502562.755520923,,,254811.32457989285,135800.4079823932,notes here,coming soon,599059
2025-06-07T14:42:14.744099,82,0.004369,All_Defaults,Predict_Income_2_Inputs,-7.887822314024456e+16,2.0099064518874097e+20,2.0099064518874097e+20,"[4, 4, 1]",Half Wit Error,LeakyReLU,None,Large Random,WIP,1.0000000000000003e-11,1,Gradient Explosion,Regression,30,44434.81952477718,502562.755520923,,,254811.32457989285,135800.4079823932,notes here,coming soon,599059
2025-06-07T14:42:16.432315,83,0.805135,All_Defaults,Predict_Income_2_Inputs,98.79150809989898,3079.374218088104,3079.374218088104,"[4, 4, 1]",Half Wit Error,LeakyReLU,None,Xavier Kill ReLU,WIP,1e-07,100,Did Not Converge,Regression,30,44434.81952477718,502562.755520923,,,254811.32457989285,135800.4079823932,notes here,coming soon,599059
2025-06-07T14:42:18.034505,84,0.80645,All_Defaults,Predict_Income_2_Inputs,99.99135806391011,22.020631819964667,22.020631819964667,"[4, 4, 1]",Half Wit Error,LeakyReLU,None,LeCun,WIP,1e-08,100,Did Not Converge,Regression,30,44434.81952477718,502562.755520923,,,254811.32457989285,135800.4079823932,notes here,coming soon,599059
2025-06-07T14:42:19.612648,85,0.761628,All_Defaults,Predict_Income_2_Inputs,99.98301075513166,43.29051988513699,43.29051988513699,"[4, 4, 1]",Half Wit Error,LeakyReLU,None,Normal Random,WIP,1e-08,100,Did Not Converge,Regression,30,44434.81952477718,502562.755520923,,,254811.32457989285,135800.4079823932,notes here,coming soon,599059
2025-06-07T14:42:21.274974,86,0.758945,All_Defaults,Predict_Income_2_Inputs,99.99999999999982,4.945225858440002e-10,4.945225858440002e-10,"[4, 4, 1]",Half Wit Error,LeakyReLU,None,Small Random,WIP,1e-08,100,Did Not Converge,Regression,30,44434.81952477718,502562.755520923,,,254811.32457989285,135800.4079823932,notes here,coming soon,599059
2025-06-07T14:42:23.065314,87,0.820307,All_Defaults,Predict_Income_2_Inputs,99.99756316459028,6.193034695618795,6.209332585342539,"[4, 4, 1]",Half Wit Error,LeakyReLU,None,Uniform Random,WIP,1e-08,100,Did Not Converge,Regression,30,44434.81952477718,502562.755520923,,,254811.32457989285,135800.4079823932,notes here,coming soon,599059
2025-06-07T14:42:24.703459,88,0.798248,All_Defaults,Predict_Income_2_Inputs,99.99316169369274,17.424778880352825,17.424778880352825,"[4, 4, 1]",Half Wit Error,LeakyReLU,None,Xavier (Glorot),WIP,1e-08,100,Did Not Converge,Regression,30,44434.81952477718,502562.755520923,,,254811.32457989285,135800.4079823932,notes here,coming soon,599059
2025-06-07T14:42:25.736647,89,0.509508,All_Defaults,Predict_Income_2_Inputs,99.99999999999999,1.4794447148839632e-11,1.9402553637822468e-11,"[4, 4, 1]",Half Wit Error,None,None,He (Kaiming),WIP,1e-08,100,Did Not Converge,Regression,30,44434.81952477718,502562.755520923,,,254811.32457989285,135800.4079823932,notes here,coming soon,599059
2025-06-07T14:42:25.907430,90,0.004904,All_Defaults,Predict_Income_2_Inputs,-1.8498010829019753e+18,4.713502641435725e+21,4.713502641435725e+21,"[4, 4, 1]",Half Wit Error,None,None,Large Random,WIP,1.0000000000000004e-13,1,Gradient Explosion,Regression,30,44434.81952477718,502562.755520923,,,254811.32457989285,135800.4079823932,notes here,coming soon,599059
2025-06-07T14:42:26.927065,91,0.467067,All_Defaults,Predict_Income_2_Inputs,99.99999999999997,2.013014939924081e-11,5.4327150185902914e-11,"[4, 4, 1]",Half Wit Error,None,None,Xavier Kill ReLU,WIP,1e-08,100,Did Not Converge,Regression,30,44434.81952477718,502562.755520923,,,254811.32457989285,135800.4079823932,notes here,coming soon,599059
2025-06-07T14:42:27.943603,92,0.466899,All_Defaults,Predict_Income_2_Inputs,99.99999999999999,1.3096723705530167e-11,2.037268131971359e-11,"[4, 4, 1]",Half Wit Error,None,None,LeCun,WIP,1e-08,100,Did Not Converge,Regression,30,44434.81952477718,502562.755520923,,,254811.32457989285,135800.4079823932,notes here,coming soon,599059
2025-06-07T14:42:29.023051,93,0.52355,All_Defaults,Predict_Income_2_Inputs,99.99999999999999,2.4495723967750867e-11,3.9047639196117716e-11,"[4, 4, 1]",Half Wit Error,None,None,Normal Random,WIP,1e-08,100,Did Not Converge,Regression,30,44434.81952477718,502562.755520923,,,254811.32457989285,135800.4079823932,notes here,coming soon,599059
2025-06-07T14:42:30.114609,94,0.517809,All_Defaults,Predict_Income_2_Inputs,99.99999999999997,2.304053244491418e-11,4.486840528746446e-11,"[4, 4, 1]",Half Wit Error,None,None,Small Random,WIP,1e-08,100,Did Not Converge,Regression,30,44434.81952477718,502562.755520923,,,254811.32457989285,135800.4079823932,notes here,coming soon,599059
2025-06-07T14:42:31.146946,95,0.513581,All_Defaults,Predict_Income_2_Inputs,99.99999999999999,2.0857745160659154e-11,3.055902197957039e-11,"[4, 4, 1]",Half Wit Error,None,None,Uniform Random,WIP,1e-08,100,Did Not Converge,Regression,30,44434.81952477718,502562.755520923,,,254811.32457989285,135800.4079823932,notes here,coming soon,599059
2025-06-07T14:42:32.178504,96,0.498812,All_Defaults,Predict_Income_2_Inputs,99.99999999999999,1.6492170592149098e-11,2.6193447411060334e-11,"[4, 4, 1]",Half Wit Error,None,None,Xavier (Glorot),WIP,1e-08,100,Did Not Converge,Regression,30,44434.81952477718,502562.755520923,,,254811.32457989285,135800.4079823932,notes here,coming soon,599059
2025-06-07T14:42:34.226067,97,0.674863,All_Defaults,Predict_Income_2_Inputs,99.98298336255415,43.360319274750026,43.360319274750026,"[4, 4, 1]",Half Wit Error,ReLU,None,He (Kaiming),WIP,1e-08,100,Did Not Converge,Regression,30,44434.81952477718,502562.755520923,,,254811.32457989285,135800.4079823932,notes here,coming soon,599059
2025-06-07T14:42:35.532670,98,0.696346,All_Defaults,Predict_Income_2_Inputs,34.313096415105605,167377.66910018653,167377.66910018653,"[4, 4, 1]",Half Wit Error,ReLU,None,Large Random,WIP,1.0000000000000004e-13,100,Did Not Converge,Regression,30,44434.81952477718,502562.755520923,,,254811.32457989285,135800.4079823932,notes here,coming soon,599059
2025-06-07T14:42:37.109178,99,0.638221,All_Defaults,Predict_Income_2_Inputs,53.02306748672648,116925.13358949382,119702.5439840746,"[4, 4, 1]",Half Wit Error,ReLU,None,Xavier Kill ReLU,WIP,0.01,100,Did Not Converge,Regression,30,44434.81952477718,502562.755520923,,,254811.32457989285,135800.4079823932,notes here,coming soon,599059
2025-06-07T14:42:38.878722,100,0.675361,All_Defaults,Predict_Income_2_Inputs,2.9307516908938513,247343.43737617863,247343.43737617863,"[4, 4, 1]",Half Wit Error,ReLU,None,LeCun,WIP,9.999999999999999e-06,100,Did Not Converge,Regression,30,44434.81952477718,502562.755520923,,,254811.32457989285,135800.4079823932,notes here,coming soon,599059
2025-06-07T14:42:40.486628,101,0.66008,All_Defaults,Predict_Income_2_Inputs,52.135589669756286,121963.93796484909,121963.93796484909,"[4, 4, 1]",Half Wit Error,ReLU,None,Normal Random,WIP,0.1,100,Did Not Converge,Regression,30,44434.81952477718,502562.755520923,,,254811.32457989285,135800.4079823932,notes here,coming soon,599059
2025-06-07T14:43:24.215512,102,0.643942,All_Defaults,Predict_Income_2_Inputs,53.845369444677175,116830.54250600377,117607.22547297405,"[4, 4, 1]",Half Wit Error,ReLU,None,Small Random,WIP,0.001,100,Did Not Converge,Regression,30,44434.81952477718,502562.755520923,,,254811.32457989285,135800.4079823932,notes here,coming soon,599059
2025-06-07T14:43:25.757616,103,0.596772,All_Defaults,Predict_Income_2_Inputs,99.99719259548529,7.153584630255015,7.153584630255015,"[4, 4, 1]",Half Wit Error,ReLU,None,Uniform Random,WIP,1e-08,100,Did Not Converge,Regression,30,44434.81952477718,502562.755520923,,,254811.32457989285,135800.4079823932,notes here,coming soon,599059
2025-06-07T14:43:27.397088,104,0.659006,All_Defaults,Predict_Income_2_Inputs,99.99351508310573,16.524302636200932,16.524302636200932,"[4, 4, 1]",Half Wit Error,ReLU,None,Xavier (Glorot),WIP,1e-08,100,Did Not Converge,Regression,30,44434.81952477718,502562.755520923,,,254811.32457989285,135800.4079823932,notes here,coming soon,599059
2025-06-07T14:43:28.554599,105,0.485008,All_Defaults,Predict_Income_2_Inputs,52.87677645132863,117154.85208153691,120075.3101091135,"[4, 4, 1]",Half Wit Error,Sigmoid,None,He (Kaiming),WIP,0.01,100,Did Not Converge,Regression,30,44434.81952477718,502562.755520923,,,254811.32457989285,135800.4079823932,notes here,coming soon,599059
2025-06-07T14:43:29.770353,106,0.531459,All_Defaults,Predict_Income_2_Inputs,52.876776451328645,117123.3447587698,120075.31010911349,"[4, 4, 1]",Half Wit Error,Sigmoid,None,Large Random,WIP,0.01,100,Did Not Converge,Regression,30,44434.81952477718,502562.755520923,,,254811.32457989285,135800.4079823932,notes here,coming soon,599059
2025-06-07T14:43:30.909997,107,0.506526,All_Defaults,Predict_Income_2_Inputs,53.02306748672648,116925.1335960749,119702.5439840746,"[4, 4, 1]",Half Wit Error,Sigmoid,None,Xavier Kill ReLU,WIP,0.01,100,Did Not Converge,Regression,30,44434.81952477718,502562.755520923,,,254811.32457989285,135800.4079823932,notes here,coming soon,599059
2025-06-07T14:43:32.094409,108,0.523062,All_Defaults,Predict_Income_2_Inputs,52.87677645132863,117154.78155918437,120075.3101091135,"[4, 4, 1]",Half Wit Error,Sigmoid,None,LeCun,WIP,0.01,100,Did Not Converge,Regression,30,44434.81952477718,502562.755520923,,,254811.32457989285,135800.4079823932,notes here,coming soon,599059
2025-06-07T14:43:33.246039,109,0.520523,All_Defaults,Predict_Income_2_Inputs,52.87677645132863,117154.89813557587,120075.3101091135,"[4, 4, 1]",Half Wit Error,Sigmoid,None,Normal Random,WIP,0.01,100,Did Not Converge,Regression,30,44434.81952477718,502562.755520923,,,254811.32457989285,135800.4079823932,notes here,coming soon,599059
2025-06-07T14:43:34.398856,110,0.46866,All_Defaults,Predict_Income_2_Inputs,53.101782723459,116859.03470620354,119501.96864671029,"[4, 4, 1]",Half Wit Error,Sigmoid,None,Small Random,WIP,0.001,100,Did Not Converge,Regression,30,44434.81952477718,502562.755520923,,,254811.32457989285,135800.4079823932,notes here,coming soon,599059
2025-06-07T14:43:35.561648,111,0.507172,All_Defaults,Predict_Income_2_Inputs,53.11805620841093,116854.45343235298,119460.50196414896,"[4, 4, 1]",Half Wit Error,Sigmoid,None,Uniform Random,WIP,0.001,100,Did Not Converge,Regression,30,44434.81952477718,502562.755520923,,,254811.32457989285,135800.4079823932,notes here,coming soon,599059
2025-06-07T14:43:36.667296,112,0.481935,All_Defaults,Predict_Income_2_Inputs,53.11805619386588,116854.46627005779,119460.50200121138,"[4, 4, 1]",Half Wit Error,Sigmoid,None,Xavier (Glorot),WIP,0.001,100,Did Not Converge,Regression,30,44434.81952477718,502562.755520923,,,254811.32457989285,135800.4079823932,notes here,coming soon,599059
2025-06-07T14:43:37.849463,113,0.511843,All_Defaults,Predict_Income_2_Inputs,70.72865381419071,55885.115297148375,74586.7049384266,"[4, 4, 1]",Half Wit Error,Tanh,None,He (Kaiming),WIP,0.1,100,Did Not Converge,Regression,30,44434.81952477718,502562.755520923,,,254811.32457989285,135800.4079823932,notes here,coming soon,599059
2025-06-07T14:43:39.002666,114,0.518201,All_Defaults,Predict_Income_2_Inputs,73.929671934184,59292.009930922344,66430.1482668293,"[4, 4, 1]",Half Wit Error,Tanh,None,Large Random,WIP,0.1,100,Did Not Converge,Regression,30,44434.81952477718,502562.755520923,,,254811.32457989285,135800.4079823932,notes here,coming soon,599059
2025-06-07T14:43:40.152659,115,0.473233,All_Defaults,Predict_Income_2_Inputs,74.24061318623896,58455.58859144176,65637.83474380276,"[4, 4, 1]",Half Wit Error,Tanh,None,Xavier Kill ReLU,WIP,0.1,100,Did Not Converge,Regression,30,44434.81952477718,502562.755520923,,,254811.32457989285,135800.4079823932,notes here,coming soon,599059
2025-06-07T14:43:41.414470,116,0.577393,All_Defaults,Predict_Income_2_Inputs,75.70179980015982,60054.51831694226,61914.56577828694,"[4, 4, 1]",Half Wit Error,Tanh,None,LeCun,WIP,0.1,100,Did Not Converge,Regression,30,44434.81952477718,502562.755520923,,,254811.32457989285,135800.4079823932,notes here,coming soon,599059
2025-06-07T14:43:42.713618,117,0.517222,All_Defaults,Predict_Income_2_Inputs,73.65787120333867,59114.33290344901,67122.72730931411,"[4, 4, 1]",Half Wit Error,Tanh,None,Normal Random,WIP,0.1,100,Did Not Converge,Regression,30,44434.81952477718,502562.755520923,,,254811.32457989285,135800.4079823932,notes here,coming soon,599059
2025-06-07T14:43:44.084139,118,0.599981,All_Defaults,Predict_Income_2_Inputs,74.81430517865944,58872.694953465834,64176.00257890739,"[4, 4, 1]",Half Wit Error,Tanh,None,Small Random,WIP,0.1,100,Did Not Converge,Regression,30,44434.81952477718,502562.755520923,,,254811.32457989285,135800.4079823932,notes here,coming soon,599059
2025-06-07T14:43:45.390272,119,0.573298,All_Defaults,Predict_Income_2_Inputs,74.10741231989397,56886.67536505576,65977.24563568832,"[4, 4, 1]",Half Wit Error,Tanh,None,Uniform Random,WIP,0.1,100,Did Not Converge,Regression,30,44434.81952477718,502562.755520923,,,254811.32457989285,135800.4079823932,notes here,coming soon,599059
2025-06-07T14:43:46.722113,120,0.536601,All_Defaults,Predict_Income_2_Inputs,73.94398412879062,60021.23862944829,66393.67917417575,"[4, 4, 1]",Half Wit Error,Tanh,None,Xavier (Glorot),WIP,0.1,100,Did Not Converge,Regression,30,44434.81952477718,502562.755520923,,,254811.32457989285,135800.4079823932,notes here,coming soon,599059
2025-06-07T14:43:48.656586,121,0.853489,All_Defaults,Predict_Income_2_Inputs,nan,75915.42446627213,nan,"[4, 4, 1]",Hinge Loss,LeakyReLU,Tanh,He (Kaiming),WIP,0.01,100,Did Not Converge,Regression,30,44434.81952477718,502562.755520923,,,254811.32457989285,135800.4079823932,notes here,coming soon,599059
2025-06-07T14:43:50.243314,122,0.861146,All_Defaults,Predict_Income_2_Inputs,nan,111481.72620583783,nan,"[4, 4, 1]",Hinge Loss,LeakyReLU,Tanh,Large Random,WIP,1e-06,100,Did Not Converge,Regression,30,44434.81952477718,502562.755520923,,,254811.32457989285,135800.4079823932,notes here,coming soon,599059
2025-06-07T14:43:52.129481,123,0.786016,All_Defaults,Predict_Income_2_Inputs,52.85775808940143,120123.7710490536,120123.7710490536,"[4, 4, 1]",Hinge Loss,LeakyReLU,Tanh,Xavier Kill ReLU,WIP,0.1,100,Did Not Converge,Regression,30,44434.81952477718,502562.755520923,,,254811.32457989285,135800.4079823932,notes here,coming soon,599059
2025-06-07T14:43:54.081772,124,0.861947,All_Defaults,Predict_Income_2_Inputs,nan,62099.55321839566,nan,"[4, 4, 1]",Hinge Loss,LeakyReLU,Tanh,LeCun,WIP,0.01,100,Did Not Converge,Regression,30,44434.81952477718,502562.755520923,,,254811.32457989285,135800.4079823932,notes here,coming soon,599059
2025-06-07T14:43:55.985633,125,0.798261,All_Defaults,Predict_Income_2_Inputs,nan,90324.5174515546,nan,"[4, 4, 1]",Hinge Loss,LeakyReLU,Tanh,Normal Random,WIP,0.01,100,Did Not Converge,Regression,30,44434.81952477718,502562.755520923,,,254811.32457989285,135800.4079823932,notes here,coming soon,599059
2025-06-07T14:43:57.938568,126,0.854956,All_Defaults,Predict_Income_2_Inputs,54.02662779370482,117145.35867290506,117145.35867290506,"[4, 4, 1]",Hinge Loss,LeakyReLU,Tanh,Small Random,WIP,0.01,100,Did Not Converge,Regression,30,44434.81952477718,502562.755520923,,,254811.32457989285,135800.4079823932,notes here,coming soon,599059
2025-06-07T14:43:59.835774,127,0.836651,All_Defaults,Predict_Income_2_Inputs,nan,72248.08673720862,nan,"[4, 4, 1]",Hinge Loss,LeakyReLU,Tanh,Uniform Random,WIP,0.01,100,Did Not Converge,Regression,30,44434.81952477718,502562.755520923,,,254811.32457989285,135800.4079823932,notes here,coming soon,599059
2025-06-07T14:44:01.736213,128,0.796824,All_Defaults,Predict_Income_2_Inputs,nan,91484.7954586926,nan,"[4, 4, 1]",Hinge Loss,LeakyReLU,Tanh,Xavier (Glorot),WIP,0.01,100,Did Not Converge,Regression,30,44434.81952477718,502562.755520923,,,254811.32457989285,135800.4079823932,notes here,coming soon,599059
2025-06-07T14:44:03.047183,129,0.561382,All_Defaults,Predict_Income_2_Inputs,62.02485208082119,73570.88109933859,96764.97742403315,"[4, 4, 1]",Hinge Loss,None,Tanh,He (Kaiming),WIP,0.001,100,Did Not Converge,Regression,30,44434.81952477718,502562.755520923,,,254811.32457989285,135800.4079823932,notes here,coming soon,599059
2025-06-07T14:44:04.082721,130,0.544868,All_Defaults,Predict_Income_2_Inputs,nan,111481.72620583783,nan,"[4, 4, 1]",Hinge Loss,None,Tanh,Large Random,WIP,1e-06,100,Did Not Converge,Regression,30,44434.81952477718,502562.755520923,,,254811.32457989285,135800.4079823932,notes here,coming soon,599059
2025-06-07T14:44:05.355663,131,0.517962,All_Defaults,Predict_Income_2_Inputs,44.814609582867924,82266.60873169581,140618.6242964795,"[4, 4, 1]",Hinge Loss,None,Tanh,Xavier Kill ReLU,WIP,0.001,100,Did Not Converge,Regression,30,44434.81952477718,502562.755520923,,,254811.32457989285,135800.4079823932,notes here,coming soon,599059
2025-06-07T14:44:06.648714,132,0.558036,All_Defaults,Predict_Income_2_Inputs,66.72313635430798,52610.611961429946,84793.21703423267,"[4, 4, 1]",Hinge Loss,None,Tanh,LeCun,WIP,0.001,100,Did Not Converge,Regression,30,44434.81952477718,502562.755520923,,,254811.32457989285,135800.4079823932,notes here,coming soon,599059
2025-06-07T14:44:07.892028,133,0.509726,All_Defaults,Predict_Income_2_Inputs,60.50486727499995,90854.12890126185,100638.07084115937,"[4, 4, 1]",Hinge Loss,None,Tanh,Normal Random,WIP,0.001,100,Did Not Converge,Regression,30,44434.81952477718,502562.755520923,,,254811.32457989285,135800.4079823932,notes here,coming soon,599059
2025-06-07T14:44:09.184445,134,0.55129,All_Defaults,Predict_Income_2_Inputs,54.02648086222166,117145.73307096354,117145.73307096354,"[4, 4, 1]",Hinge Loss,None,Tanh,Small Random,WIP,0.01,100,Did Not Converge,Regression,30,44434.81952477718,502562.755520923,,,254811.32457989285,135800.4079823932,notes here,coming soon,599059
2025-06-07T14:44:10.445286,135,0.547316,All_Defaults,Predict_Income_2_Inputs,nan,89142.22702032451,nan,"[4, 4, 1]",Hinge Loss,None,Tanh,Uniform Random,WIP,0.01,100,Did Not Converge,Regression,30,44434.81952477718,502562.755520923,,,254811.32457989285,135800.4079823932,notes here,coming soon,599059
2025-06-07T14:44:11.707309,136,0.513131,All_Defaults,Predict_Income_2_Inputs,nan,106176.27348050935,nan,"[4, 4, 1]",Hinge Loss,None,Tanh,Xavier (Glorot),WIP,0.01,100,Did Not Converge,Regression,30,44434.81952477718,502562.755520923,,,254811.32457989285,135800.4079823932,notes here,coming soon,599059
2025-06-07T14:44:13.319080,137,0.69412,All_Defaults,Predict_Income_2_Inputs,53.28314263397785,75704.04287827127,119039.84305646027,"[4, 4, 1]",Hinge Loss,ReLU,Tanh,He (Kaiming),WIP,0.01,100,Did Not Converge,Regression,30,44434.81952477718,502562.755520923,,,254811.32457989285,135800.4079823932,notes here,coming soon,599059
2025-06-07T14:44:14.625304,138,0.69396,All_Defaults,Predict_Income_2_Inputs,47.63962978062962,111481.72620583783,133420.1529109134,"[4, 4, 1]",Hinge Loss,ReLU,Tanh,Large Random,WIP,1e-06,100,Did Not Converge,Regression,30,44434.81952477718,502562.755520923,,,254811.32457989285,135800.4079823932,notes here,coming soon,599059
2025-06-07T14:44:16.199781,139,0.655302,All_Defaults,Predict_Income_2_Inputs,53.06066565817389,119606.73958539162,119606.73958539164,"[4, 4, 1]",Hinge Loss,ReLU,Tanh,Xavier Kill ReLU,WIP,0.1,100,Did Not Converge,Regression,30,44434.81952477718,502562.755520923,,,254811.32457989285,135800.4079823932,notes here,coming soon,599059
2025-06-07T14:44:17.869103,140,0.727634,All_Defaults,Predict_Income_2_Inputs,25.275007695866968,62347.23069094547,190407.74268238439,"[4, 4, 1]",Hinge Loss,ReLU,Tanh,LeCun,WIP,0.01,100,Did Not Converge,Regression,30,44434.81952477718,502562.755520923,,,254811.32457989285,135800.4079823932,notes here,coming soon,599059
2025-06-07T14:44:19.456855,141,0.665282,All_Defaults,Predict_Income_2_Inputs,54.02523323189108,90589.9908567788,117148.91217433472,"[4, 4, 1]",Hinge Loss,ReLU,Tanh,Normal Random,WIP,0.01,100,Did Not Converge,Regression,30,44434.81952477718,502562.755520923,,,254811.32457989285,135800.4079823932,notes here,coming soon,599059
2025-06-07T14:44:21.075234,142,0.695566,All_Defaults,Predict_Income_2_Inputs,54.02663268049033,117145.34622082216,117145.34622082216,"[4, 4, 1]",Hinge Loss,ReLU,Tanh,Small Random,WIP,0.01,100,Did Not Converge,Regression,30,44434.81952477718,502562.755520923,,,254811.32457989285,135800.4079823932,notes here,coming soon,599059
2025-06-07T14:44:22.678585,143,0.700355,All_Defaults,Predict_Income_2_Inputs,18.91578173574009,71850.04107182939,206611.7705844121,"[4, 4, 1]",Hinge Loss,ReLU,Tanh,Uniform Random,WIP,0.01,100,Did Not Converge,Regression,30,44434.81952477718,502562.755520923,,,254811.32457989285,135800.4079823932,notes here,coming soon,599059
2025-06-07T14:44:24.279346,144,0.669584,All_Defaults,Predict_Income_2_Inputs,54.5685756291278,90907.12672884675,115764.41421493169,"[4, 4, 1]",Hinge Loss,ReLU,Tanh,Xavier (Glorot),WIP,0.01,100,Did Not Converge,Regression,30,44434.81952477718,502562.755520923,,,254811.32457989285,135800.4079823932,notes here,coming soon,599059
2025-06-07T14:44:25.664929,145,0.591598,All_Defaults,Predict_Income_2_Inputs,58.869527331760516,45487.0985886893,104805.10221191184,"[4, 4, 1]",Hinge Loss,Sigmoid,Tanh,He (Kaiming),WIP,0.1,100,Did Not Converge,Regression,30,44434.81952477718,502562.755520923,,,254811.32457989285,135800.4079823932,notes here,coming soon,599059
2025-06-07T14:44:27.049860,146,0.559182,All_Defaults,Predict_Income_2_Inputs,2.7706357441147467,247751.4309410301,247751.4309410301,"[4, 4, 1]",Hinge Loss,Sigmoid,Tanh,Large Random,WIP,0.001,100,Did Not Converge,Regression,30,44434.81952477718,502562.755520923,,,254811.32457989285,135800.4079823932,notes here,coming soon,599059
2025-06-07T14:44:28.454974,147,0.61021,All_Defaults,Predict_Income_2_Inputs,58.184898808280174,61796.67448342573,106549.61322104387,"[4, 4, 1]",Hinge Loss,Sigmoid,Tanh,Xavier Kill ReLU,WIP,0.1,100,Did Not Converge,Regression,30,44434.81952477718,502562.755520923,,,254811.32457989285,135800.4079823932,notes here,coming soon,599059
2025-06-07T14:44:29.771959,148,0.569644,All_Defaults,Predict_Income_2_Inputs,59.009791167451986,42802.91487789572,104447.69407427983,"[4, 4, 1]",Hinge Loss,Sigmoid,Tanh,LeCun,WIP,0.1,100,Did Not Converge,Regression,30,44434.81952477718,502562.755520923,,,254811.32457989285,135800.4079823932,notes here,coming soon,599059
2025-06-07T14:44:31.102831,149,0.532063,All_Defaults,Predict_Income_2_Inputs,58.83600132096697,46817.93368101833,104890.53028409366,"[4, 4, 1]",Hinge Loss,Sigmoid,Tanh,Normal Random,WIP,0.1,100,Did Not Converge,Regression,30,44434.81952477718,502562.755520923,,,254811.32457989285,135800.4079823932,notes here,coming soon,599059
2025-06-07T14:44:32.507956,150,0.6071,All_Defaults,Predict_Income_2_Inputs,53.90858659907237,117446.14100449793,117446.14100449793,"[4, 4, 1]",Hinge Loss,Sigmoid,Tanh,Small Random,WIP,0.01,100,Did Not Converge,Regression,30,44434.81952477718,502562.755520923,,,254811.32457989285,135800.4079823932,notes here,coming soon,599059
2025-06-07T14:44:33.839611,151,0.543807,All_Defaults,Predict_Income_2_Inputs,57.979808294186206,50932.2666765262,107072.20707659441,"[4, 4, 1]",Hinge Loss,Sigmoid,Tanh,Uniform Random,WIP,0.1,100,Did Not Converge,Regression,30,44434.81952477718,502562.755520923,,,254811.32457989285,135800.4079823932,notes here,coming soon,599059
2025-06-07T14:44:35.215009,152,0.589332,All_Defaults,Predict_Income_2_Inputs,58.25244050482639,58408.40682960929,106377.5093294307,"[4, 4, 1]",Hinge Loss,Sigmoid,Tanh,Xavier (Glorot),WIP,0.1,100,Did Not Converge,Regression,30,44434.81952477718,502562.755520923,,,254811.32457989285,135800.4079823932,notes here,coming soon,599059
2025-06-07T14:44:36.588019,153,0.602577,All_Defaults,Predict_Income_2_Inputs,68.22368971641465,68800.27870163509,80969.6371362205,"[4, 4, 1]",Hinge Loss,Tanh,Tanh,He (Kaiming),WIP,0.001,100,Did Not Converge,Regression,30,44434.81952477718,502562.755520923,,,254811.32457989285,135800.4079823932,notes here,coming soon,599059
2025-06-07T14:44:37.932747,154,0.551356,All_Defaults,Predict_Income_2_Inputs,54.379766221459725,107280.42500988084,116245.5219675422,"[4, 4, 1]",Hinge Loss,Tanh,Tanh,Large Random,WIP,9.999999999999999e-05,100,Did Not Converge,Regression,30,44434.81952477718,502562.755520923,,,254811.32457989285,135800.4079823932,notes here,coming soon,599059
2025-06-07T14:44:39.361888,155,0.606896,All_Defaults,Predict_Income_2_Inputs,54.379766221459725,98551.76203923686,116245.5219675422,"[4, 4, 1]",Hinge Loss,Tanh,Tanh,Xavier Kill ReLU,WIP,0.1,100,Did Not Converge,Regression,30,44434.81952477718,502562.755520923,,,254811.32457989285,135800.4079823932,notes here,coming soon,599059
2025-06-07T14:44:40.715368,156,0.552997,All_Defaults,Predict_Income_2_Inputs,57.89815473866664,52484.45356472023,107280.26958298037,"[4, 4, 1]",Hinge Loss,Tanh,Tanh,LeCun,WIP,0.01,100,Did Not Converge,Regression,30,44434.81952477718,502562.755520923,,,254811.32457989285,135800.4079823932,notes here,coming soon,599059
2025-06-07T14:44:42.157251,157,0.620045,All_Defaults,Predict_Income_2_Inputs,61.145103661078025,83808.18275064089,99006.67602535138,"[4, 4, 1]",Hinge Loss,Tanh,Tanh,Normal Random,WIP,0.001,100,Did Not Converge,Regression,30,44434.81952477718,502562.755520923,,,254811.32457989285,135800.4079823932,notes here,coming soon,599059
2025-06-07T14:44:43.514369,158,0.57928,All_Defaults,Predict_Income_2_Inputs,54.026480729780204,117145.73340843935,117145.73340843935,"[4, 4, 1]",Hinge Loss,Tanh,Tanh,Small Random,WIP,0.01,100,Did Not Converge,Regression,30,44434.81952477718,502562.755520923,,,254811.32457989285,135800.4079823932,notes here,coming soon,599059
2025-06-07T14:44:44.879322,159,0.559971,All_Defaults,Predict_Income_2_Inputs,57.90840002684462,75849.04531649654,107254.16342846704,"[4, 4, 1]",Hinge Loss,Tanh,Tanh,Uniform Random,WIP,0.01,100,Did Not Converge,Regression,30,44434.81952477718,502562.755520923,,,254811.32457989285,135800.4079823932,notes here,coming soon,599059
2025-06-07T14:44:46.291104,160,0.599863,All_Defaults,Predict_Income_2_Inputs,55.336144358478876,85214.8504790258,113808.56216861117,"[4, 4, 1]",Hinge Loss,Tanh,Tanh,Xavier (Glorot),WIP,0.01,100,Did Not Converge,Regression,30,44434.81952477718,502562.755520923,,,254811.32457989285,135800.4079823932,notes here,coming soon,599059
2025-06-07T14:44:48.558405,161,0.83355,All_Defaults,Predict_Income_2_Inputs,93.20987569548758,15306.970801933447,17302.00568094931,"[4, 4, 1]",Huber Loss,LeakyReLU,None,He (Kaiming),WIP,0.01,100,Did Not Converge,Regression,30,44434.81952477718,502562.755520923,,,254811.32457989285,135800.4079823932,notes here,coming soon,599059
2025-06-07T14:44:50.456141,162,0.824089,All_Defaults,Predict_Income_2_Inputs,-30065.520433099737,76618242.26009496,76865162.18199967,"[4, 4, 1]",Huber Loss,LeakyReLU,None,Large Random,WIP,9.999999999999999e-05,100,Did Not Converge,Regression,30,44434.81952477718,502562.755520923,,,254811.32457989285,135800.4079823932,notes here,coming soon,599059
2025-06-07T14:44:51.826653,163,0.287444,All_Defaults,Predict_Income_2_Inputs,-3.6060551735797916e+27,145874.3986901644,9.18863695288042e+30,"[4, 4, 1]",Huber Loss,LeakyReLU,None,Xavier Kill ReLU,WIP,0.1,35,Gradient Explosion,Regression,30,44434.81952477718,502562.755520923,,,254811.32457989285,135800.4079823932,notes here,coming soon,599059
2025-06-07T14:44:54.241898,164,0.838159,All_Defaults,Predict_Income_2_Inputs,93.01071986861173,15355.363049928881,17809.47728138975,"[4, 4, 1]",Huber Loss,LeakyReLU,None,LeCun,WIP,0.01,100,Did Not Converge,Regression,30,44434.81952477718,502562.755520923,,,254811.32457989285,135800.4079823932,notes here,coming soon,599059
2025-06-07T14:44:56.467593,165,0.7825,All_Defaults,Predict_Income_2_Inputs,93.21529272619324,15670.648254884627,17288.202473255336,"[4, 4, 1]",Huber Loss,LeakyReLU,None,Normal Random,WIP,0.01,100,Did Not Converge,Regression,30,44434.81952477718,502562.755520923,,,254811.32457989285,135800.4079823932,notes here,coming soon,599059
2025-06-07T14:44:58.733517,166,0.810851,All_Defaults,Predict_Income_2_Inputs,78.07928485174199,16146.96998892838,55856.46462666145,"[4, 4, 1]",Huber Loss,LeakyReLU,None,Small Random,WIP,0.01,100,Did Not Converge,Regression,30,44434.81952477718,502562.755520923,,,254811.32457989285,135800.4079823932,notes here,coming soon,599059
2025-06-07T14:45:01.014204,167,0.826265,All_Defaults,Predict_Income_2_Inputs,87.14869811655035,25620.64679149637,32746.57255497879,"[4, 4, 1]",Huber Loss,LeakyReLU,None,Uniform Random,WIP,0.01,100,Did Not Converge,Regression,30,44434.81952477718,502562.755520923,,,254811.32457989285,135800.4079823932,notes here,coming soon,599059
2025-06-07T14:45:03.247050,168,0.785112,All_Defaults,Predict_Income_2_Inputs,93.1364860135249,15465.964230916843,17489.01090166342,"[4, 4, 1]",Huber Loss,LeakyReLU,None,Xavier (Glorot),WIP,0.01,100,Did Not Converge,Regression,30,44434.81952477718,502562.755520923,,,254811.32457989285,135800.4079823932,notes here,coming soon,599059
2025-06-07T14:45:04.719514,169,0.556574,All_Defaults,Predict_Income_2_Inputs,85.46808892673907,33518.61063576712,37028.9550925483,"[4, 4, 1]",Huber Loss,None,None,He (Kaiming),WIP,0.001,100,Did Not Converge,Regression,30,44434.81952477718,502562.755520923,,,254811.32457989285,135800.4079823932,notes here,coming soon,599059
2025-06-07T14:45:05.892798,170,0.534272,All_Defaults,Predict_Income_2_Inputs,-4561.148134109013,11278000.679448223,11877133.301154137,"[4, 4, 1]",Huber Loss,None,None,Large Random,WIP,9.999999999999999e-06,100,Did Not Converge,Regression,30,44434.81952477718,502562.755520923,,,254811.32457989285,135800.4079823932,notes here,coming soon,599059
2025-06-07T14:45:07.337450,171,0.547524,All_Defaults,Predict_Income_2_Inputs,85.42844487531106,32964.77842699305,37129.97262510914,"[4, 4, 1]",Huber Loss,None,None,Xavier Kill ReLU,WIP,0.001,100,Did Not Converge,Regression,30,44434.81952477718,502562.755520923,,,254811.32457989285,135800.4079823932,notes here,coming soon,599059
2025-06-07T14:45:08.787852,172,0.496895,All_Defaults,Predict_Income_2_Inputs,84.679870985545,34542.891469046204,39037.423669081276,"[4, 4, 1]",Huber Loss,None,None,LeCun,WIP,0.001,100,Did Not Converge,Regression,30,44434.81952477718,502562.755520923,,,254811.32457989285,135800.4079823932,notes here,coming soon,599059
2025-06-07T14:45:10.212025,173,0.52914,All_Defaults,Predict_Income_2_Inputs,85.61971461999752,33515.65857659336,36642.59565515299,"[4, 4, 1]",Huber Loss,None,None,Normal Random,WIP,0.001,100,Did Not Converge,Regression,30,44434.81952477718,502562.755520923,,,254811.32457989285,135800.4079823932,notes here,coming soon,599059
2025-06-07T14:45:11.770110,174,0.57156,All_Defaults,Predict_Income_2_Inputs,-0.005623508540697486,254398.01648086452,254825.65391649326,"[4, 4, 1]",Huber Loss,None,None,Small Random,WIP,0.01,100,Did Not Converge,Regression,30,44434.81952477718,502562.755520923,,,254811.32457989285,135800.4079823932,notes here,coming soon,599059
2025-06-07T14:45:13.278325,175,0.525672,All_Defaults,Predict_Income_2_Inputs,85.06240548942343,33759.98037680976,38062.68243277355,"[4, 4, 1]",Huber Loss,None,None,Uniform Random,WIP,0.001,100,Did Not Converge,Regression,30,44434.81952477718,502562.755520923,,,254811.32457989285,135800.4079823932,notes here,coming soon,599059
2025-06-07T14:45:14.741010,176,0.544739,All_Defaults,Predict_Income_2_Inputs,84.99243959670721,33295.274933416185,38240.96345075787,"[4, 4, 1]",Huber Loss,None,None,Xavier (Glorot),WIP,0.001,100,Did Not Converge,Regression,30,44434.81952477718,502562.755520923,,,254811.32457989285,135800.4079823932,notes here,coming soon,599059
2025-06-07T14:45:16.351278,177,0.699738,All_Defaults,Predict_Income_2_Inputs,0.11735674035794341,254512.286315303,254512.286315303,"[4, 4, 1]",Huber Loss,ReLU,None,He (Kaiming),WIP,0.1,100,Did Not Converge,Regression,30,44434.81952477718,502562.755520923,,,254811.32457989285,135800.4079823932,notes here,coming soon,599059
2025-06-07T14:45:17.935459,178,0.648929,All_Defaults,Predict_Income_2_Inputs,0.11705048162112819,254513.06669724692,254513.06669724692,"[4, 4, 1]",Huber Loss,ReLU,None,Large Random,WIP,0.1,100,Did Not Converge,Regression,30,44434.81952477718,502562.755520923,,,254811.32457989285,135800.4079823932,notes here,coming soon,599059
2025-06-07T14:45:19.564787,179,0.69741,All_Defaults,Predict_Income_2_Inputs,0.1167334303098122,254513.87457989287,254513.87457989287,"[4, 4, 1]",Huber Loss,ReLU,None,Xavier Kill ReLU,WIP,0.1,100,Did Not Converge,Regression,30,44434.81952477718,502562.755520923,,,254811.32457989285,135800.4079823932,notes here,coming soon,599059
2025-06-07T14:45:21.151481,180,0.65257,All_Defaults,Predict_Income_2_Inputs,0.1172661331788949,254512.5171926561,254512.5171926561,"[4, 4, 1]",Huber Loss,ReLU,None,LeCun,WIP,0.1,100,Did Not Converge,Regression,30,44434.81952477718,502562.755520923,,,254811.32457989285,135800.4079823932,notes here,coming soon,599059
2025-06-07T14:45:22.781873,181,0.700497,All_Defaults,Predict_Income_2_Inputs,0.11735674035794341,254512.286315303,254512.286315303,"[4, 4, 1]",Huber Loss,ReLU,None,Normal Random,WIP,0.1,100,Did Not Converge,Regression,30,44434.81952477718,502562.755520923,,,254811.32457989285,135800.4079823932,notes here,coming soon,599059
2025-06-07T14:45:24.379049,182,0.693496,All_Defaults,Predict_Income_2_Inputs,0.11705048162112819,254513.06669724692,254513.06669724692,"[4, 4, 1]",Huber Loss,ReLU,None,Small Random,WIP,0.1,100,Did Not Converge,Regression,30,44434.81952477718,502562.755520923,,,254811.32457989285,135800.4079823932,notes here,coming soon,599059
2025-06-07T14:45:25.951787,183,0.647453,All_Defaults,Predict_Income_2_Inputs,0.11733875089362522,254512.33215449532,254512.33215449532,"[4, 4, 1]",Huber Loss,ReLU,None,Uniform Random,WIP,0.1,100,Did Not Converge,Regression,30,44434.81952477718,502562.755520923,,,254811.32457989285,135800.4079823932,notes here,coming soon,599059
2025-06-07T14:45:27.585814,184,0.690612,All_Defaults,Predict_Income_2_Inputs,0.11755204326303614,254511.7886613836,254511.7886613836,"[4, 4, 1]",Huber Loss,ReLU,None,Xavier (Glorot),WIP,0.1,100,Did Not Converge,Regression,30,44434.81952477718,502562.755520923,,,254811.32457989285,135800.4079823932,notes here,coming soon,599059
2025-06-07T14:45:28.911863,185,0.533094,All_Defaults,Predict_Income_2_Inputs,0.5711855480514672,253355.879119094,253355.879119094,"[4, 4, 1]",Huber Loss,Sigmoid,None,He (Kaiming),WIP,0.1,100,Did Not Converge,Regression,30,44434.81952477718,502562.755520923,,,254811.32457989285,135800.4079823932,notes here,coming soon,599059
2025-06-07T14:45:30.337197,186,0.60389,All_Defaults,Predict_Income_2_Inputs,3.119901848703499,246861.4613536189,246861.4613536189,"[4, 4, 1]",Huber Loss,Sigmoid,None,Large Random,WIP,0.1,100,Did Not Converge,Regression,30,44434.81952477718,502562.755520923,,,254811.32457989285,135800.4079823932,notes here,coming soon,599059
2025-06-07T14:45:31.644855,187,0.551074,All_Defaults,Predict_Income_2_Inputs,0.4958259251588326,253547.90397238513,253547.90397238513,"[4, 4, 1]",Huber Loss,Sigmoid,None,Xavier Kill ReLU,WIP,0.1,100,Did Not Converge,Regression,30,44434.81952477718,502562.755520923,,,254811.32457989285,135800.4079823932,notes here,coming soon,599059
2025-06-07T14:45:33.023822,188,0.583293,All_Defaults,Predict_Income_2_Inputs,0.5783975495484484,253337.50212255082,253337.50212255082,"[4, 4, 1]",Huber Loss,Sigmoid,None,LeCun,WIP,0.1,100,Did Not Converge,Regression,30,44434.81952477718,502562.755520923,,,254811.32457989285,135800.4079823932,notes here,coming soon,599059
2025-06-07T14:45:34.351270,189,0.565672,All_Defaults,Predict_Income_2_Inputs,0.49490316659401845,253550.2552657068,253550.2552657068,"[4, 4, 1]",Huber Loss,Sigmoid,None,Normal Random,WIP,0.1,100,Did Not Converge,Regression,30,44434.81952477718,502562.755520923,,,254811.32457989285,135800.4079823932,notes here,coming soon,599059
2025-06-07T14:45:35.667717,190,0.52048,All_Defaults,Predict_Income_2_Inputs,0.5828270686775272,253326.21520618547,253326.21520618547,"[4, 4, 1]",Huber Loss,Sigmoid,None,Small Random,WIP,0.1,100,Did Not Converge,Regression,30,44434.81952477718,502562.755520923,,,254811.32457989285,135800.4079823932,notes here,coming soon,599059
2025-06-07T14:45:37.040487,191,0.575935,All_Defaults,Predict_Income_2_Inputs,0.5817802413538575,253328.88264075498,253328.88264075498,"[4, 4, 1]",Huber Loss,Sigmoid,None,Uniform Random,WIP,0.1,100,Did Not Converge,Regression,30,44434.81952477718,502562.755520923,,,254811.32457989285,135800.4079823932,notes here,coming soon,599059
2025-06-07T14:45:38.382486,192,0.532458,All_Defaults,Predict_Income_2_Inputs,0.5788834011137278,253336.26411774184,253336.26411774184,"[4, 4, 1]",Huber Loss,Sigmoid,None,Xavier (Glorot),WIP,0.1,100,Did Not Converge,Regression,30,44434.81952477718,502562.755520923,,,254811.32457989285,135800.4079823932,notes here,coming soon,599059
2025-06-07T14:45:39.792592,193,0.597883,All_Defaults,Predict_Income_2_Inputs,0.5863367287354149,253317.27219490372,253317.27219490372,"[4, 4, 1]",Huber Loss,Tanh,None,He (Kaiming),WIP,0.1,100,Did Not Converge,Regression,30,44434.81952477718,502562.755520923,,,254811.32457989285,135800.4079823932,notes here,coming soon,599059
2025-06-07T14:45:41.167007,194,0.586764,All_Defaults,Predict_Income_2_Inputs,15.669417117802132,214883.87526807276,214883.87526807276,"[4, 4, 1]",Huber Loss,Tanh,None,Large Random,WIP,0.1,100,Did Not Converge,Regression,30,44434.81952477718,502562.755520923,,,254811.32457989285,135800.4079823932,notes here,coming soon,599059
2025-06-07T14:45:42.531214,195,0.549745,All_Defaults,Predict_Income_2_Inputs,0.5862029588425743,253317.61305573958,253317.61305573958,"[4, 4, 1]",Huber Loss,Tanh,None,Xavier Kill ReLU,WIP,0.1,100,Did Not Converge,Regression,30,44434.81952477718,502562.755520923,,,254811.32457989285,135800.4079823932,notes here,coming soon,599059
2025-06-07T14:45:43.937980,196,0.593274,All_Defaults,Predict_Income_2_Inputs,0.58574524309154,253318.77936730758,253318.77936730758,"[4, 4, 1]",Huber Loss,Tanh,None,LeCun,WIP,0.1,100,Did Not Converge,Regression,30,44434.81952477718,502562.755520923,,,254811.32457989285,135800.4079823932,notes here,coming soon,599059
2025-06-07T14:45:45.313558,197,0.54289,All_Defaults,Predict_Income_2_Inputs,0.5869784071790285,253315.637125562,253315.637125562,"[4, 4, 1]",Huber Loss,Tanh,None,Normal Random,WIP,0.1,100,Did Not Converge,Regression,30,44434.81952477718,502562.755520923,,,254811.32457989285,135800.4079823932,notes here,coming soon,599059
2025-06-07T14:45:46.741077,198,0.606324,All_Defaults,Predict_Income_2_Inputs,0.5782998908270942,253337.75096803225,253337.75096803225,"[4, 4, 1]",Huber Loss,Tanh,None,Small Random,WIP,0.1,100,Did Not Converge,Regression,30,44434.81952477718,502562.755520923,,,254811.32457989285,135800.4079823932,notes here,coming soon,599059
2025-06-07T14:45:48.091657,199,0.569169,All_Defaults,Predict_Income_2_Inputs,0.5852384190260573,253320.07081242214,253320.07081242214,"[4, 4, 1]",Huber Loss,Tanh,None,Uniform Random,WIP,0.1,100,Did Not Converge,Regression,30,44434.81952477718,502562.755520923,,,254811.32457989285,135800.4079823932,notes here,coming soon,599059
2025-06-07T14:45:49.450317,200,0.542087,All_Defaults,Predict_Income_2_Inputs,0.5858435600034517,253318.52884468206,253318.52884468206,"[4, 4, 1]",Huber Loss,Tanh,None,Xavier (Glorot),WIP,0.1,100,Did Not Converge,Regression,30,44434.81952477718,502562.755520923,,,254811.32457989285,135800.4079823932,notes here,coming soon,599059
2025-06-07T14:45:51.747242,201,0.816513,All_Defaults,Predict_Income_2_Inputs,93.20978023659619,15306.969269268298,17302.24892101494,"[4, 4, 1]",Log-Cosh Loss,LeakyReLU,None,He (Kaiming),WIP,0.01,100,Did Not Converge,Regression,30,44434.81952477718,502562.755520923,,,254811.32457989285,135800.4079823932,notes here,coming soon,599059
2025-06-07T14:45:53.798243,202,0.809041,All_Defaults,Predict_Income_2_Inputs,-30065.520433099737,76618242.26009496,76865162.18199967,"[4, 4, 1]",Log-Cosh Loss,LeakyReLU,None,Large Random,WIP,9.999999999999999e-05,100,Did Not Converge,Regression,30,44434.81952477718,502562.755520923,,,254811.32457989285,135800.4079823932,notes here,coming soon,599059
2025-06-07T14:45:55.188322,203,0.276157,All_Defaults,Predict_Income_2_Inputs,-3.6060551735797916e+27,145874.3986901644,9.18863695288042e+30,"[4, 4, 1]",Log-Cosh Loss,LeakyReLU,None,Xavier Kill ReLU,WIP,0.1,35,Gradient Explosion,Regression,30,44434.81952477718,502562.755520923,,,254811.32457989285,135800.4079823932,notes here,coming soon,599059
2025-06-07T14:45:57.707569,204,0.979153,All_Defaults,Predict_Income_2_Inputs,93.0107198686154,15355.363049928881,17809.47728138039,"[4, 4, 1]",Log-Cosh Loss,LeakyReLU,None,LeCun,WIP,0.01,100,Did Not Converge,Regression,30,44434.81952477718,502562.755520923,,,254811.32457989285,135800.4079823932,notes here,coming soon,599059
2025-06-07T14:46:00.045607,205,0.814675,All_Defaults,Predict_Income_2_Inputs,93.14512393715731,15611.754490527699,17467.000494039457,"[4, 4, 1]",Log-Cosh Loss,LeakyReLU,None,Normal Random,WIP,0.01,100,Did Not Converge,Regression,30,44434.81952477718,502562.755520923,,,254811.32457989285,135800.4079823932,notes here,coming soon,599059
2025-06-07T14:46:02.273133,206,0.75991,All_Defaults,Predict_Income_2_Inputs,78.07928485174199,16146.96998892838,55856.46462666145,"[4, 4, 1]",Log-Cosh Loss,LeakyReLU,None,Small Random,WIP,0.01,100,Did Not Converge,Regression,30,44434.81952477718,502562.755520923,,,254811.32457989285,135800.4079823932,notes here,coming soon,599059
2025-06-07T14:46:04.515107,207,0.787929,All_Defaults,Predict_Income_2_Inputs,87.91617135902912,25614.361174296573,30790.963820022345,"[4, 4, 1]",Log-Cosh Loss,LeakyReLU,None,Uniform Random,WIP,0.01,100,Did Not Converge,Regression,30,44434.81952477718,502562.755520923,,,254811.32457989285,135800.4079823932,notes here,coming soon,599059
2025-06-07T14:46:06.764246,208,0.809992,All_Defaults,Predict_Income_2_Inputs,93.13648557477615,15465.964230916843,17489.012019644902,"[4, 4, 1]",Log-Cosh Loss,LeakyReLU,None,Xavier (Glorot),WIP,0.01,100,Did Not Converge,Regression,30,44434.81952477718,502562.755520923,,,254811.32457989285,135800.4079823932,notes here,coming soon,599059
2025-06-07T14:46:08.121272,209,0.475219,All_Defaults,Predict_Income_2_Inputs,85.46808892673907,33518.61063576712,37028.9550925483,"[4, 4, 1]",Log-Cosh Loss,None,None,He (Kaiming),WIP,0.001,100,Did Not Converge,Regression,30,44434.81952477718,502562.755520923,,,254811.32457989285,135800.4079823932,notes here,coming soon,599059
2025-06-07T14:46:09.298697,210,0.53572,All_Defaults,Predict_Income_2_Inputs,-4561.148134109013,11278000.679448223,11877133.301154137,"[4, 4, 1]",Log-Cosh Loss,None,None,Large Random,WIP,9.999999999999999e-06,100,Did Not Converge,Regression,30,44434.81952477718,502562.755520923,,,254811.32457989285,135800.4079823932,notes here,coming soon,599059
2025-06-07T14:46:10.713512,211,0.492891,All_Defaults,Predict_Income_2_Inputs,85.42844487531106,32964.77842699305,37129.97262510914,"[4, 4, 1]",Log-Cosh Loss,None,None,Xavier Kill ReLU,WIP,0.001,100,Did Not Converge,Regression,30,44434.81952477718,502562.755520923,,,254811.32457989285,135800.4079823932,notes here,coming soon,599059
2025-06-07T14:46:12.216507,212,0.525795,All_Defaults,Predict_Income_2_Inputs,84.67986323977344,34543.08082956894,39037.44340618439,"[4, 4, 1]",Log-Cosh Loss,None,None,LeCun,WIP,0.001,100,Did Not Converge,Regression,30,44434.81952477718,502562.755520923,,,254811.32457989285,135800.4079823932,notes here,coming soon,599059
2025-06-07T14:46:13.640811,213,0.484782,All_Defaults,Predict_Income_2_Inputs,85.61971461999752,33515.65857659336,36642.59565515299,"[4, 4, 1]",Log-Cosh Loss,None,None,Normal Random,WIP,0.001,100,Did Not Converge,Regression,30,44434.81952477718,502562.755520923,,,254811.32457989285,135800.4079823932,notes here,coming soon,599059
2025-06-07T14:46:15.154103,214,0.516044,All_Defaults,Predict_Income_2_Inputs,-0.005623508540697486,254398.01648086452,254825.65391649326,"[4, 4, 1]",Log-Cosh Loss,None,None,Small Random,WIP,0.01,100,Did Not Converge,Regression,30,44434.81952477718,502562.755520923,,,254811.32457989285,135800.4079823932,notes here,coming soon,599059
2025-06-07T14:46:16.594762,215,0.541841,All_Defaults,Predict_Income_2_Inputs,85.06240548942343,33759.98037680976,38062.68243277355,"[4, 4, 1]",Log-Cosh Loss,None,None,Uniform Random,WIP,0.001,100,Did Not Converge,Regression,30,44434.81952477718,502562.755520923,,,254811.32457989285,135800.4079823932,notes here,coming soon,599059
2025-06-07T14:46:17.989455,216,0.479743,All_Defaults,Predict_Income_2_Inputs,84.99243959674165,33295.27493380302,38240.963450670104,"[4, 4, 1]",Log-Cosh Loss,None,None,Xavier (Glorot),WIP,0.001,100,Did Not Converge,Regression,30,44434.81952477718,502562.755520923,,,254811.32457989285,135800.4079823932,notes here,coming soon,599059
2025-06-07T14:46:19.643338,217,0.706789,All_Defaults,Predict_Income_2_Inputs,0.11735674035794341,254512.286315303,254512.286315303,"[4, 4, 1]",Log-Cosh Loss,ReLU,None,He (Kaiming),WIP,0.1,100,Did Not Converge,Regression,30,44434.81952477718,502562.755520923,,,254811.32457989285,135800.4079823932,notes here,coming soon,599059
2025-06-07T14:46:21.256442,218,0.6935,All_Defaults,Predict_Income_2_Inputs,0.11705048162112819,254513.06669724692,254513.06669724692,"[4, 4, 1]",Log-Cosh Loss,ReLU,None,Large Random,WIP,0.1,100,Did Not Converge,Regression,30,44434.81952477718,502562.755520923,,,254811.32457989285,135800.4079823932,notes here,coming soon,599059
2025-06-07T14:46:22.910115,219,0.652031,All_Defaults,Predict_Income_2_Inputs,0.1167334303098122,254513.87457989287,254513.87457989287,"[4, 4, 1]",Log-Cosh Loss,ReLU,None,Xavier Kill ReLU,WIP,0.1,100,Did Not Converge,Regression,30,44434.81952477718,502562.755520923,,,254811.32457989285,135800.4079823932,notes here,coming soon,599059
2025-06-07T14:46:24.560341,220,0.695499,All_Defaults,Predict_Income_2_Inputs,0.1172661331788949,254512.5171926561,254512.5171926561,"[4, 4, 1]",Log-Cosh Loss,ReLU,None,LeCun,WIP,0.1,100,Did Not Converge,Regression,30,44434.81952477718,502562.755520923,,,254811.32457989285,135800.4079823932,notes here,coming soon,599059
2025-06-07T14:46:26.153191,221,0.631905,All_Defaults,Predict_Income_2_Inputs,0.11735674035794341,254512.286315303,254512.286315303,"[4, 4, 1]",Log-Cosh Loss,ReLU,None,Normal Random,WIP,0.1,100,Did Not Converge,Regression,30,44434.81952477718,502562.755520923,,,254811.32457989285,135800.4079823932,notes here,coming soon,599059
2025-06-07T14:46:27.768659,222,0.673003,All_Defaults,Predict_Income_2_Inputs,0.11705048162112819,254513.06669724692,254513.06669724692,"[4, 4, 1]",Log-Cosh Loss,ReLU,None,Small Random,WIP,0.1,100,Did Not Converge,Regression,30,44434.81952477718,502562.755520923,,,254811.32457989285,135800.4079823932,notes here,coming soon,599059
2025-06-07T14:46:29.366842,223,0.677793,All_Defaults,Predict_Income_2_Inputs,0.11733875089362522,254512.33215449532,254512.33215449532,"[4, 4, 1]",Log-Cosh Loss,ReLU,None,Uniform Random,WIP,0.1,100,Did Not Converge,Regression,30,44434.81952477718,502562.755520923,,,254811.32457989285,135800.4079823932,notes here,coming soon,599059
2025-06-07T14:46:30.957890,224,0.637082,All_Defaults,Predict_Income_2_Inputs,0.11755204326303614,254511.7886613836,254511.7886613836,"[4, 4, 1]",Log-Cosh Loss,ReLU,None,Xavier (Glorot),WIP,0.1,100,Did Not Converge,Regression,30,44434.81952477718,502562.755520923,,,254811.32457989285,135800.4079823932,notes here,coming soon,599059
2025-06-07T14:46:32.316989,225,0.557768,All_Defaults,Predict_Income_2_Inputs,0.5711855480514672,253355.879119094,253355.879119094,"[4, 4, 1]",Log-Cosh Loss,Sigmoid,None,He (Kaiming),WIP,0.1,100,Did Not Converge,Regression,30,44434.81952477718,502562.755520923,,,254811.32457989285,135800.4079823932,notes here,coming soon,599059
2025-06-07T14:46:33.686077,226,0.530004,All_Defaults,Predict_Income_2_Inputs,3.119901848703499,246861.4613536189,246861.4613536189,"[4, 4, 1]",Log-Cosh Loss,Sigmoid,None,Large Random,WIP,0.1,100,Did Not Converge,Regression,30,44434.81952477718,502562.755520923,,,254811.32457989285,135800.4079823932,notes here,coming soon,599059
2025-06-07T14:46:35.052224,227,0.576975,All_Defaults,Predict_Income_2_Inputs,0.4958259251588326,253547.90397238513,253547.90397238513,"[4, 4, 1]",Log-Cosh Loss,Sigmoid,None,Xavier Kill ReLU,WIP,0.1,100,Did Not Converge,Regression,30,44434.81952477718,502562.755520923,,,254811.32457989285,135800.4079823932,notes here,coming soon,599059
2025-06-07T14:46:36.373796,228,0.550781,All_Defaults,Predict_Income_2_Inputs,0.5783975495484484,253337.50212255082,253337.50212255082,"[4, 4, 1]",Log-Cosh Loss,Sigmoid,None,LeCun,WIP,0.1,100,Did Not Converge,Regression,30,44434.81952477718,502562.755520923,,,254811.32457989285,135800.4079823932,notes here,coming soon,599059
2025-06-07T14:46:37.755455,229,0.525391,All_Defaults,Predict_Income_2_Inputs,0.49490316659401845,253550.2552657068,253550.2552657068,"[4, 4, 1]",Log-Cosh Loss,Sigmoid,None,Normal Random,WIP,0.1,100,Did Not Converge,Regression,30,44434.81952477718,502562.755520923,,,254811.32457989285,135800.4079823932,notes here,coming soon,599059
2025-06-07T14:46:39.157394,230,0.566584,All_Defaults,Predict_Income_2_Inputs,0.5828270686775272,253326.21520618547,253326.21520618547,"[4, 4, 1]",Log-Cosh Loss,Sigmoid,None,Small Random,WIP,0.1,100,Did Not Converge,Regression,30,44434.81952477718,502562.755520923,,,254811.32457989285,135800.4079823932,notes here,coming soon,599059
2025-06-07T14:46:40.477979,231,0.513761,All_Defaults,Predict_Income_2_Inputs,0.5817802413538575,253328.88264075498,253328.88264075498,"[4, 4, 1]",Log-Cosh Loss,Sigmoid,None,Uniform Random,WIP,0.1,100,Did Not Converge,Regression,30,44434.81952477718,502562.755520923,,,254811.32457989285,135800.4079823932,notes here,coming soon,599059
2025-06-07T14:46:41.860945,232,0.576064,All_Defaults,Predict_Income_2_Inputs,0.5788834011137278,253336.26411774184,253336.26411774184,"[4, 4, 1]",Log-Cosh Loss,Sigmoid,None,Xavier (Glorot),WIP,0.1,100,Did Not Converge,Regression,30,44434.81952477718,502562.755520923,,,254811.32457989285,135800.4079823932,notes here,coming soon,599059
2025-06-07T14:46:43.344173,233,0.646326,All_Defaults,Predict_Income_2_Inputs,0.5863367287354149,253317.27219490372,253317.27219490372,"[4, 4, 1]",Log-Cosh Loss,Tanh,None,He (Kaiming),WIP,0.1,100,Did Not Converge,Regression,30,44434.81952477718,502562.755520923,,,254811.32457989285,135800.4079823932,notes here,coming soon,599059
2025-06-07T14:46:45.279659,234,0.607965,All_Defaults,Predict_Income_2_Inputs,15.669417117802132,214883.87526807276,214883.87526807276,"[4, 4, 1]",Log-Cosh Loss,Tanh,None,Large Random,WIP,0.1,100,Did Not Converge,Regression,30,44434.81952477718,502562.755520923,,,254811.32457989285,135800.4079823932,notes here,coming soon,599059
2025-06-07T14:46:46.817350,235,0.640942,All_Defaults,Predict_Income_2_Inputs,0.5862029588425743,253317.61305573958,253317.61305573958,"[4, 4, 1]",Log-Cosh Loss,Tanh,None,Xavier Kill ReLU,WIP,0.1,100,Did Not Converge,Regression,30,44434.81952477718,502562.755520923,,,254811.32457989285,135800.4079823932,notes here,coming soon,599059
2025-06-07T14:46:48.810387,236,0.781254,All_Defaults,Predict_Income_2_Inputs,0.58574524309154,253318.77936730758,253318.77936730758,"[4, 4, 1]",Log-Cosh Loss,Tanh,None,LeCun,WIP,0.1,100,Did Not Converge,Regression,30,44434.81952477718,502562.755520923,,,254811.32457989285,135800.4079823932,notes here,coming soon,599059
2025-06-07T14:46:50.469941,237,0.628508,All_Defaults,Predict_Income_2_Inputs,0.5869784071790285,253315.637125562,253315.637125562,"[4, 4, 1]",Log-Cosh Loss,Tanh,None,Normal Random,WIP,0.1,100,Did Not Converge,Regression,30,44434.81952477718,502562.755520923,,,254811.32457989285,135800.4079823932,notes here,coming soon,599059
2025-06-07T14:46:51.952369,238,0.655404,All_Defaults,Predict_Income_2_Inputs,0.5782998908270942,253337.75096803225,253337.75096803225,"[4, 4, 1]",Log-Cosh Loss,Tanh,None,Small Random,WIP,0.1,100,Did Not Converge,Regression,30,44434.81952477718,502562.755520923,,,254811.32457989285,135800.4079823932,notes here,coming soon,599059
2025-06-07T14:46:53.506687,239,0.644838,All_Defaults,Predict_Income_2_Inputs,0.5852384190260573,253320.07081242214,253320.07081242214,"[4, 4, 1]",Log-Cosh Loss,Tanh,None,Uniform Random,WIP,0.1,100,Did Not Converge,Regression,30,44434.81952477718,502562.755520923,,,254811.32457989285,135800.4079823932,notes here,coming soon,599059
2025-06-07T14:46:54.985324,240,0.643879,All_Defaults,Predict_Income_2_Inputs,0.5858435600034517,253318.52884468206,253318.52884468206,"[4, 4, 1]",Log-Cosh Loss,Tanh,None,Xavier (Glorot),WIP,0.1,100,Did Not Converge,Regression,30,44434.81952477718,502562.755520923,,,254811.32457989285,135800.4079823932,notes here,coming soon,599059
2025-06-07T14:46:57.487472,241,0.804291,All_Defaults,Predict_Income_2_Inputs,93.20987569548758,15306.970801933447,17302.00568094931,"[4, 4, 1]",Mean Absolute Error,LeakyReLU,None,He (Kaiming),WIP,0.01,100,Did Not Converge,Regression,30,44434.81952477718,502562.755520923,,,254811.32457989285,135800.4079823932,notes here,coming soon,599059
2025-06-07T14:46:59.336532,242,0.782931,All_Defaults,Predict_Income_2_Inputs,-30065.520433099737,76618242.26009496,76865162.18199967,"[4, 4, 1]",Mean Absolute Error,LeakyReLU,None,Large Random,WIP,9.999999999999999e-05,100,Did Not Converge,Regression,30,44434.81952477718,502562.755520923,,,254811.32457989285,135800.4079823932,notes here,coming soon,599059
2025-06-07T14:47:00.655325,243,0.256424,All_Defaults,Predict_Income_2_Inputs,-3.6060551735797916e+27,145874.3986901644,9.18863695288042e+30,"[4, 4, 1]",Mean Absolute Error,LeakyReLU,None,Xavier Kill ReLU,WIP,0.1,35,Gradient Explosion,Regression,30,44434.81952477718,502562.755520923,,,254811.32457989285,135800.4079823932,notes here,coming soon,599059
2025-06-07T14:47:02.905805,244,0.794092,All_Defaults,Predict_Income_2_Inputs,93.01071986861173,15355.363049928881,17809.47728138975,"[4, 4, 1]",Mean Absolute Error,LeakyReLU,None,LeCun,WIP,0.01,100,Did Not Converge,Regression,30,44434.81952477718,502562.755520923,,,254811.32457989285,135800.4079823932,notes here,coming soon,599059
2025-06-07T14:47:05.100811,245,0.752957,All_Defaults,Predict_Income_2_Inputs,93.00063000357702,15536.297199341336,17835.187400133007,"[4, 4, 1]",Mean Absolute Error,LeakyReLU,None,Normal Random,WIP,0.01,100,Did Not Converge,Regression,30,44434.81952477718,502562.755520923,,,254811.32457989285,135800.4079823932,notes here,coming soon,599059
2025-06-07T14:47:07.318252,246,0.775397,All_Defaults,Predict_Income_2_Inputs,78.07928485174199,16146.96998892838,55856.46462666145,"[4, 4, 1]",Mean Absolute Error,LeakyReLU,None,Small Random,WIP,0.01,100,Did Not Converge,Regression,30,44434.81952477718,502562.755520923,,,254811.32457989285,135800.4079823932,notes here,coming soon,599059
2025-06-07T14:47:09.584919,247,0.814328,All_Defaults,Predict_Income_2_Inputs,87.14869811655035,25620.64679149637,32746.57255497879,"[4, 4, 1]",Mean Absolute Error,LeakyReLU,None,Uniform Random,WIP,0.01,100,Did Not Converge,Regression,30,44434.81952477718,502562.755520923,,,254811.32457989285,135800.4079823932,notes here,coming soon,599059
2025-06-07T14:47:11.750862,248,0.733848,All_Defaults,Predict_Income_2_Inputs,93.1364860135249,15465.964230916843,17489.01090166342,"[4, 4, 1]",Mean Absolute Error,LeakyReLU,None,Xavier (Glorot),WIP,0.01,100,Did Not Converge,Regression,30,44434.81952477718,502562.755520923,,,254811.32457989285,135800.4079823932,notes here,coming soon,599059
2025-06-07T14:47:13.151131,249,0.520265,All_Defaults,Predict_Income_2_Inputs,85.46808892673907,33518.61063576712,37028.9550925483,"[4, 4, 1]",Mean Absolute Error,None,None,He (Kaiming),WIP,0.001,100,Did Not Converge,Regression,30,44434.81952477718,502562.755520923,,,254811.32457989285,135800.4079823932,notes here,coming soon,599059
2025-06-07T14:47:14.282418,250,0.505982,All_Defaults,Predict_Income_2_Inputs,-4561.148134109013,11278000.679448223,11877133.301154137,"[4, 4, 1]",Mean Absolute Error,None,None,Large Random,WIP,9.999999999999999e-06,100,Did Not Converge,Regression,30,44434.81952477718,502562.755520923,,,254811.32457989285,135800.4079823932,notes here,coming soon,599059
2025-06-07T14:47:15.727184,251,0.524107,All_Defaults,Predict_Income_2_Inputs,85.42844487531106,32964.77842699305,37129.97262510914,"[4, 4, 1]",Mean Absolute Error,None,None,Xavier Kill ReLU,WIP,0.001,100,Did Not Converge,Regression,30,44434.81952477718,502562.755520923,,,254811.32457989285,135800.4079823932,notes here,coming soon,599059
2025-06-07T14:47:17.171894,252,0.473791,All_Defaults,Predict_Income_2_Inputs,84.679870985545,34542.891469046204,39037.423669081276,"[4, 4, 1]",Mean Absolute Error,None,None,LeCun,WIP,0.001,100,Did Not Converge,Regression,30,44434.81952477718,502562.755520923,,,254811.32457989285,135800.4079823932,notes here,coming soon,599059
2025-06-07T14:47:18.588775,253,0.494904,All_Defaults,Predict_Income_2_Inputs,85.61971461999752,33515.65857659336,36642.59565515299,"[4, 4, 1]",Mean Absolute Error,None,None,Normal Random,WIP,0.001,100,Did Not Converge,Regression,30,44434.81952477718,502562.755520923,,,254811.32457989285,135800.4079823932,notes here,coming soon,599059
2025-06-07T14:47:20.104259,254,0.527092,All_Defaults,Predict_Income_2_Inputs,-0.005623508540697486,254398.01648086452,254825.65391649326,"[4, 4, 1]",Mean Absolute Error,None,None,Small Random,WIP,0.01,100,Did Not Converge,Regression,30,44434.81952477718,502562.755520923,,,254811.32457989285,135800.4079823932,notes here,coming soon,599059
2025-06-07T14:47:21.455740,255,0.492802,All_Defaults,Predict_Income_2_Inputs,85.06240548942343,33759.98037680976,38062.68243277355,"[4, 4, 1]",Mean Absolute Error,None,None,Uniform Random,WIP,0.001,100,Did Not Converge,Regression,30,44434.81952477718,502562.755520923,,,254811.32457989285,135800.4079823932,notes here,coming soon,599059
2025-06-07T14:47:22.881935,256,0.523606,All_Defaults,Predict_Income_2_Inputs,84.99243959670721,33295.274933416185,38240.96345075787,"[4, 4, 1]",Mean Absolute Error,None,None,Xavier (Glorot),WIP,0.001,100,Did Not Converge,Regression,30,44434.81952477718,502562.755520923,,,254811.32457989285,135800.4079823932,notes here,coming soon,599059
2025-06-07T14:47:24.415708,257,0.641397,All_Defaults,Predict_Income_2_Inputs,0.11735674035794341,254512.286315303,254512.286315303,"[4, 4, 1]",Mean Absolute Error,ReLU,None,He (Kaiming),WIP,0.1,100,Did Not Converge,Regression,30,44434.81952477718,502562.755520923,,,254811.32457989285,135800.4079823932,notes here,coming soon,599059
2025-06-07T14:47:26.028037,258,0.68247,All_Defaults,Predict_Income_2_Inputs,0.11705048162112819,254513.06669724692,254513.06669724692,"[4, 4, 1]",Mean Absolute Error,ReLU,None,Large Random,WIP,0.1,100,Did Not Converge,Regression,30,44434.81952477718,502562.755520923,,,254811.32457989285,135800.4079823932,notes here,coming soon,599059
2025-06-07T14:47:27.606338,259,0.670217,All_Defaults,Predict_Income_2_Inputs,0.1167334303098122,254513.87457989287,254513.87457989287,"[4, 4, 1]",Mean Absolute Error,ReLU,None,Xavier Kill ReLU,WIP,0.1,100,Did Not Converge,Regression,30,44434.81952477718,502562.755520923,,,254811.32457989285,135800.4079823932,notes here,coming soon,599059
2025-06-07T14:47:29.188895,260,0.637431,All_Defaults,Predict_Income_2_Inputs,0.1172661331788949,254512.5171926561,254512.5171926561,"[4, 4, 1]",Mean Absolute Error,ReLU,None,LeCun,WIP,0.1,100,Did Not Converge,Regression,30,44434.81952477718,502562.755520923,,,254811.32457989285,135800.4079823932,notes here,coming soon,599059
2025-06-07T14:47:30.772303,261,0.656747,All_Defaults,Predict_Income_2_Inputs,0.11735674035794341,254512.286315303,254512.286315303,"[4, 4, 1]",Mean Absolute Error,ReLU,None,Normal Random,WIP,0.1,100,Did Not Converge,Regression,30,44434.81952477718,502562.755520923,,,254811.32457989285,135800.4079823932,notes here,coming soon,599059
2025-06-07T14:47:32.308109,262,0.647019,All_Defaults,Predict_Income_2_Inputs,0.11705048162112819,254513.06669724692,254513.06669724692,"[4, 4, 1]",Mean Absolute Error,ReLU,None,Small Random,WIP,0.1,100,Did Not Converge,Regression,30,44434.81952477718,502562.755520923,,,254811.32457989285,135800.4079823932,notes here,coming soon,599059
2025-06-07T14:47:33.909912,263,0.667853,All_Defaults,Predict_Income_2_Inputs,0.11733875089362522,254512.33215449532,254512.33215449532,"[4, 4, 1]",Mean Absolute Error,ReLU,None,Uniform Random,WIP,0.1,100,Did Not Converge,Regression,30,44434.81952477718,502562.755520923,,,254811.32457989285,135800.4079823932,notes here,coming soon,599059
2025-06-07T14:47:35.456680,264,0.654902,All_Defaults,Predict_Income_2_Inputs,0.11755204326303614,254511.7886613836,254511.7886613836,"[4, 4, 1]",Mean Absolute Error,ReLU,None,Xavier (Glorot),WIP,0.1,100,Did Not Converge,Regression,30,44434.81952477718,502562.755520923,,,254811.32457989285,135800.4079823932,notes here,coming soon,599059
2025-06-07T14:47:36.730933,265,0.501306,All_Defaults,Predict_Income_2_Inputs,0.5711855480514672,253355.879119094,253355.879119094,"[4, 4, 1]",Mean Absolute Error,Sigmoid,None,He (Kaiming),WIP,0.1,100,Did Not Converge,Regression,30,44434.81952477718,502562.755520923,,,254811.32457989285,135800.4079823932,notes here,coming soon,599059
2025-06-07T14:47:38.106737,266,0.553495,All_Defaults,Predict_Income_2_Inputs,3.119901848703499,246861.4613536189,246861.4613536189,"[4, 4, 1]",Mean Absolute Error,Sigmoid,None,Large Random,WIP,0.1,100,Did Not Converge,Regression,30,44434.81952477718,502562.755520923,,,254811.32457989285,135800.4079823932,notes here,coming soon,599059
2025-06-07T14:47:39.410026,267,0.495796,All_Defaults,Predict_Income_2_Inputs,0.4958259251588326,253547.90397238513,253547.90397238513,"[4, 4, 1]",Mean Absolute Error,Sigmoid,None,Xavier Kill ReLU,WIP,0.1,100,Did Not Converge,Regression,30,44434.81952477718,502562.755520923,,,254811.32457989285,135800.4079823932,notes here,coming soon,599059
2025-06-07T14:47:40.723105,268,0.541186,All_Defaults,Predict_Income_2_Inputs,0.5783975495484484,253337.50212255082,253337.50212255082,"[4, 4, 1]",Mean Absolute Error,Sigmoid,None,LeCun,WIP,0.1,100,Did Not Converge,Regression,30,44434.81952477718,502562.755520923,,,254811.32457989285,135800.4079823932,notes here,coming soon,599059
2025-06-07T14:47:42.045175,269,0.540132,All_Defaults,Predict_Income_2_Inputs,0.49490316659401845,253550.2552657068,253550.2552657068,"[4, 4, 1]",Mean Absolute Error,Sigmoid,None,Normal Random,WIP,0.1,100,Did Not Converge,Regression,30,44434.81952477718,502562.755520923,,,254811.32457989285,135800.4079823932,notes here,coming soon,599059
2025-06-07T14:47:43.355033,270,0.510317,All_Defaults,Predict_Income_2_Inputs,0.5828270686775272,253326.21520618547,253326.21520618547,"[4, 4, 1]",Mean Absolute Error,Sigmoid,None,Small Random,WIP,0.1,100,Did Not Converge,Regression,30,44434.81952477718,502562.755520923,,,254811.32457989285,135800.4079823932,notes here,coming soon,599059
2025-06-07T14:47:44.713176,271,0.533236,All_Defaults,Predict_Income_2_Inputs,0.5817802413538575,253328.88264075498,253328.88264075498,"[4, 4, 1]",Mean Absolute Error,Sigmoid,None,Uniform Random,WIP,0.1,100,Did Not Converge,Regression,30,44434.81952477718,502562.755520923,,,254811.32457989285,135800.4079823932,notes here,coming soon,599059
2025-06-07T14:47:46.016850,272,0.496109,All_Defaults,Predict_Income_2_Inputs,0.5788834011137278,253336.26411774184,253336.26411774184,"[4, 4, 1]",Mean Absolute Error,Sigmoid,None,Xavier (Glorot),WIP,0.1,100,Did Not Converge,Regression,30,44434.81952477718,502562.755520923,,,254811.32457989285,135800.4079823932,notes here,coming soon,599059
2025-06-07T14:47:47.380707,273,0.56508,All_Defaults,Predict_Income_2_Inputs,0.5863367287354149,253317.27219490372,253317.27219490372,"[4, 4, 1]",Mean Absolute Error,Tanh,None,He (Kaiming),WIP,0.1,100,Did Not Converge,Regression,30,44434.81952477718,502562.755520923,,,254811.32457989285,135800.4079823932,notes here,coming soon,599059
2025-06-07T14:47:48.693105,274,0.534593,All_Defaults,Predict_Income_2_Inputs,15.669417117802132,214883.87526807276,214883.87526807276,"[4, 4, 1]",Mean Absolute Error,Tanh,None,Large Random,WIP,0.1,100,Did Not Converge,Regression,30,44434.81952477718,502562.755520923,,,254811.32457989285,135800.4079823932,notes here,coming soon,599059
2025-06-07T14:47:50.025678,275,0.504999,All_Defaults,Predict_Income_2_Inputs,0.5862029588425743,253317.61305573958,253317.61305573958,"[4, 4, 1]",Mean Absolute Error,Tanh,None,Xavier Kill ReLU,WIP,0.1,100,Did Not Converge,Regression,30,44434.81952477718,502562.755520923,,,254811.32457989285,135800.4079823932,notes here,coming soon,599059
2025-06-07T14:47:51.386470,276,0.552832,All_Defaults,Predict_Income_2_Inputs,0.58574524309154,253318.77936730758,253318.77936730758,"[4, 4, 1]",Mean Absolute Error,Tanh,None,LeCun,WIP,0.1,100,Did Not Converge,Regression,30,44434.81952477718,502562.755520923,,,254811.32457989285,135800.4079823932,notes here,coming soon,599059
2025-06-07T14:47:52.691062,277,0.509242,All_Defaults,Predict_Income_2_Inputs,0.5869784071790285,253315.637125562,253315.637125562,"[4, 4, 1]",Mean Absolute Error,Tanh,None,Normal Random,WIP,0.1,100,Did Not Converge,Regression,30,44434.81952477718,502562.755520923,,,254811.32457989285,135800.4079823932,notes here,coming soon,599059
2025-06-07T14:47:54.071010,278,0.552697,All_Defaults,Predict_Income_2_Inputs,0.5782998908270942,253337.75096803225,253337.75096803225,"[4, 4, 1]",Mean Absolute Error,Tanh,None,Small Random,WIP,0.1,100,Did Not Converge,Regression,30,44434.81952477718,502562.755520923,,,254811.32457989285,135800.4079823932,notes here,coming soon,599059
2025-06-07T14:47:55.383683,279,0.536572,All_Defaults,Predict_Income_2_Inputs,0.5852384190260573,253320.07081242214,253320.07081242214,"[4, 4, 1]",Mean Absolute Error,Tanh,None,Uniform Random,WIP,0.1,100,Did Not Converge,Regression,30,44434.81952477718,502562.755520923,,,254811.32457989285,135800.4079823932,notes here,coming soon,599059
2025-06-07T14:47:56.719961,280,0.517905,All_Defaults,Predict_Income_2_Inputs,0.5858435600034517,253318.52884468206,253318.52884468206,"[4, 4, 1]",Mean Absolute Error,Tanh,None,Xavier (Glorot),WIP,0.1,100,Did Not Converge,Regression,30,44434.81952477718,502562.755520923,,,254811.32457989285,135800.4079823932,notes here,coming soon,599059
2025-06-07T14:47:58.300395,281,0.777635,All_Defaults,Predict_Income_2_Inputs,99.94855213065826,131.09499733784543,131.09499733784543,"[4, 4, 1]",Mean Squared Error,LeakyReLU,None,He (Kaiming),WIP,1e-08,100,Did Not Converge,Regression,30,44434.81952477718,502562.755520923,,,254811.32457989285,135800.4079823932,notes here,coming soon,599059
2025-06-07T14:47:58.532907,282,0.004262,All_Defaults,Predict_Income_2_Inputs,-6.311235977469531e+17,1.6081743991552863e+21,1.6081743991552863e+21,"[4, 4, 1]",Mean Squared Error,LeakyReLU,None,Large Random,WIP,1.0000000000000003e-11,1,Gradient Explosion,Regression,30,44434.81952477718,502562.755520923,,,254811.32457989285,135800.4079823932,notes here,coming soon,599059
2025-06-07T14:48:00.174568,283,0.772109,All_Defaults,Predict_Income_2_Inputs,99.99999999999999,2.0615213240186374e-11,2.1100277081131934e-11,"[4, 4, 1]",Mean Squared Error,LeakyReLU,None,Xavier Kill ReLU,WIP,1e-07,100,Did Not Converge,Regression,30,44434.81952477718,502562.755520923,,,254811.32457989285,135800.4079823932,notes here,coming soon,599059
2025-06-07T14:48:01.844760,284,0.875598,All_Defaults,Predict_Income_2_Inputs,99.99965081329476,0.8897672688721893,0.8897672688721893,"[4, 4, 1]",Mean Squared Error,LeakyReLU,None,LeCun,WIP,1e-08,100,Did Not Converge,Regression,30,44434.81952477718,502562.755520923,,,254811.32457989285,135800.4079823932,notes here,coming soon,599059
2025-06-07T14:48:03.399212,285,0.731759,All_Defaults,Predict_Income_2_Inputs,99.91857441967586,207.48159977079584,207.48159977079584,"[4, 4, 1]",Mean Squared Error,LeakyReLU,None,Normal Random,WIP,1e-08,100,Did Not Converge,Regression,30,44434.81952477718,502562.755520923,,,254811.32457989285,135800.4079823932,notes here,coming soon,599059
2025-06-07T14:48:05.010426,286,0.760259,All_Defaults,Predict_Income_2_Inputs,99.99999999999984,1.3703053506712118e-10,3.979948814958334e-10,"[4, 4, 1]",Mean Squared Error,LeakyReLU,None,Small Random,WIP,1e-08,100,Did Not Converge,Regression,30,44434.81952477718,502562.755520923,,,254811.32457989285,135800.4079823932,notes here,coming soon,599059
2025-06-07T14:48:06.625364,287,0.802056,All_Defaults,Predict_Income_2_Inputs,99.9731593461654,68.39302556186085,68.39302556186085,"[4, 4, 1]",Mean Squared Error,LeakyReLU,None,Uniform Random,WIP,1e-08,100,Did Not Converge,Regression,30,44434.81952477718,502562.755520923,,,254811.32457989285,135800.4079823932,notes here,coming soon,599059
2025-06-07T14:48:08.183946,288,0.779858,All_Defaults,Predict_Income_2_Inputs,99.82245010459859,452.41724026258015,452.41724026258015,"[4, 4, 1]",Mean Squared Error,LeakyReLU,None,Xavier (Glorot),WIP,1e-08,100,Did Not Converge,Regression,30,44434.81952477718,502562.755520923,,,254811.32457989285,135800.4079823932,notes here,coming soon,599059
2025-06-07T14:48:09.223281,289,0.489652,All_Defaults,Predict_Income_2_Inputs,99.99999999999993,8.415857640405496e-11,1.7826096154749393e-10,"[4, 4, 1]",Mean Squared Error,None,None,He (Kaiming),WIP,1e-08,100,Did Not Converge,Regression,30,44434.81952477718,502562.755520923,,,254811.32457989285,135800.4079823932,notes here,coming soon,599059
2025-06-07T14:48:09.462295,290,0.005211,All_Defaults,Predict_Income_2_Inputs,-1.4655005070764754e+16,3.734261253806639e+19,3.734261253806639e+19,"[4, 4, 1]",Mean Squared Error,None,None,Large Random,WIP,1.0000000000000005e-14,1,Gradient Explosion,Regression,30,44434.81952477718,502562.755520923,,,254811.32457989285,135800.4079823932,notes here,coming soon,599059
2025-06-07T14:48:10.503895,291,0.49588,All_Defaults,Predict_Income_2_Inputs,99.99999999999989,5.675246939063072e-11,2.7939677238464354e-10,"[4, 4, 1]",Mean Squared Error,None,None,Xavier Kill ReLU,WIP,1e-08,100,Did Not Converge,Regression,30,44434.81952477718,502562.755520923,,,254811.32457989285,135800.4079823932,notes here,coming soon,599059
2025-06-07T14:48:11.548579,292,0.477478,All_Defaults,Predict_Income_2_Inputs,99.99999999999996,6.548361852765083e-11,9.992315123478571e-11,"[4, 4, 1]",Mean Squared Error,None,None,LeCun,WIP,1e-08,100,Did Not Converge,Regression,30,44434.81952477718,502562.755520923,,,254811.32457989285,135800.4079823932,notes here,coming soon,599059
2025-06-07T14:48:12.619855,293,0.46742,All_Defaults,Predict_Income_2_Inputs,99.99999999999994,7.566995918750763e-11,1.5522042910257974e-10,"[4, 4, 1]",Mean Squared Error,None,None,Normal Random,WIP,1e-08,100,Did Not Converge,Regression,30,44434.81952477718,502562.755520923,,,254811.32457989285,135800.4079823932,notes here,coming soon,599059
2025-06-07T14:48:13.761193,294,0.471776,All_Defaults,Predict_Income_2_Inputs,99.99999999999993,5.772259707252185e-11,2.10275175049901e-10,"[4, 4, 1]",Mean Squared Error,None,None,Small Random,WIP,1e-08,100,Did Not Converge,Regression,30,44434.81952477718,502562.755520923,,,254811.32457989285,135800.4079823932,notes here,coming soon,599059
2025-06-07T14:48:14.953397,295,0.554669,All_Defaults,Predict_Income_2_Inputs,99.99999999999997,4.171549032131831e-11,6.475602276623249e-11,"[4, 4, 1]",Mean Squared Error,None,None,Uniform Random,WIP,1e-08,100,Did Not Converge,Regression,30,44434.81952477718,502562.755520923,,,254811.32457989285,135800.4079823932,notes here,coming soon,599059
