timestamp,run_id,runtime_seconds,gladiator,arena,accuracy,best_mae,final_mae,architecture,loss_function,hidden_activation,output_activation,weight_initializer,normalization_scheme,learning_rate,epoch_count,convergence_condition,problem_type,sample_count,target_min,target_max,target_min_label,target_max_label,target_mean,target_stdev,notes,rerun_config,seed
2025-06-11T17:55:28.285499,1,0.267877,All_Defaults,SimpleBinaryDecision,60.0,0.3668798125265037,0.3668798125265037,"[2, 8, 1]",Mean Squared Error,LeakyReLU,None,He (Kaiming),WIP,0.01,5,Did Not Converge,Binary Decision,30,0.0,1.0,Alpha,Beta,0.6,0.4898979485566357,notes here,coming soon,599059
2025-06-11T17:55:29.653558,2,0.275227,All_Defaults,SimpleBinaryDecision,86.66666666666667,0.24580690540720057,0.24580690540720057,"[2, 8, 1]",Binary Cross-Entropy,LeakyReLU,Sigmoid,He (Kaiming),WIP,0.1,5,Did Not Converge,Binary Decision,30,0.0,1.0,Alpha,Beta,0.6,0.4898979485566357,notes here,coming soon,599059
2025-06-11T17:57:35.547037,1,0.265991,All_Defaults,SimpleBinaryDecision,60.0,0.3668798125265037,0.3668798125265037,"[2, 8, 1]",Mean Squared Error,LeakyReLU,None,He (Kaiming),WIP,0.01,5,Did Not Converge,Binary Decision,30,0.0,1.0,Alpha,Beta,0.6,0.4898979485566357,notes here,coming soon,599059
2025-06-11T17:57:36.945147,2,0.301403,All_Defaults,SimpleBinaryDecision,86.66666666666667,0.24580690540720057,0.24580690540720057,"[2, 8, 1]",Binary Cross-Entropy,LeakyReLU,Sigmoid,He (Kaiming),WIP,0.1,5,Did Not Converge,Binary Decision,30,0.0,1.0,Alpha,Beta,0.6,0.4898979485566357,notes here,coming soon,599059
2025-06-11T17:57:53.211190,1,0.265665,All_Defaults,SimpleBinaryDecision,60.0,0.3668798125265037,0.3668798125265037,"[2, 8, 1]",Mean Squared Error,LeakyReLU,None,He (Kaiming),WIP,0.01,5,Did Not Converge,Binary Decision,30,0.0,1.0,Alpha,Beta,0.6,0.4898979485566357,notes here,coming soon,599059
2025-06-11T17:57:54.293778,2,0.041035,All_Defaults,SimpleBinaryDecision,86.66666666666667,0.24580690540720057,0.24580690540720057,"[2, 8, 1]",Binary Cross-Entropy,LeakyReLU,Sigmoid,He (Kaiming),WIP,0.1,5,Did Not Converge,Binary Decision,30,0.0,1.0,Alpha,Beta,0.6,0.4898979485566357,notes here,coming soon,599059
2025-06-11T20:09:11.520551,2,0.041231,All_Defaults,SimpleBinaryDecision,86.66666666666667,0.24580690540720057,0.24580690540720057,"[2, 8, 1]",Binary Cross-Entropy,LeakyReLU,Sigmoid,He (Kaiming),WIP,0.1,5,Did Not Converge,Binary Decision,30,0.0,1.0,Alpha,Beta,0.6,0.4898979485566357,notes here,coming soon,599059
2025-06-11T20:10:27.866359,1,0.260324,All_Defaults,SimpleBinaryDecision,60.0,0.3668798125265037,0.3668798125265037,"[2, 8, 1]",Mean Squared Error,LeakyReLU,None,He (Kaiming),WIP,0.01,5,Did Not Converge,Binary Decision,30,0.0,1.0,Alpha,Beta,0.6,0.4898979485566357,notes here,coming soon,599059
2025-06-11T20:10:28.964668,2,0.043682,All_Defaults,SimpleBinaryDecision,86.66666666666667,0.24580690540720057,0.24580690540720057,"[2, 8, 1]",Binary Cross-Entropy,LeakyReLU,Sigmoid,He (Kaiming),WIP,0.1,5,Did Not Converge,Binary Decision,30,0.0,1.0,Alpha,Beta,0.6,0.4898979485566357,notes here,coming soon,599059
2025-06-11T20:10:41.216949,1,0.266353,All_Defaults,SimpleBinaryDecision,60.0,0.3668798125265037,0.3668798125265037,"[2, 8, 1]",Mean Squared Error,LeakyReLU,None,He (Kaiming),WIP,0.01,5,Did Not Converge,Binary Decision,30,0.0,1.0,Alpha,Beta,0.6,0.4898979485566357,notes here,coming soon,599059
2025-06-11T20:10:42.321923,2,0.040819,All_Defaults,SimpleBinaryDecision,86.66666666666667,0.24580690540720057,0.24580690540720057,"[2, 8, 1]",Binary Cross-Entropy,LeakyReLU,Sigmoid,He (Kaiming),WIP,0.1,5,Did Not Converge,Binary Decision,30,0.0,1.0,Alpha,Beta,0.6,0.4898979485566357,notes here,coming soon,599059
2025-06-11T20:11:16.410409,1,0.26136,All_Defaults,SimpleBinaryDecision,60.0,0.3668798125265037,0.3668798125265037,"[2, 8, 1]",Mean Squared Error,LeakyReLU,None,He (Kaiming),WIP,0.01,5,Did Not Converge,Binary Decision,30,0.0,1.0,Alpha,Beta,0.6,0.4898979485566357,notes here,coming soon,599059
2025-06-11T20:11:17.500499,2,0.041392,All_Defaults,SimpleBinaryDecision,86.66666666666667,0.24580690540720057,0.24580690540720057,"[2, 8, 1]",Binary Cross-Entropy,LeakyReLU,Sigmoid,He (Kaiming),WIP,0.1,5,Did Not Converge,Binary Decision,30,0.0,1.0,Alpha,Beta,0.6,0.4898979485566357,notes here,coming soon,599059
2025-06-11T20:13:13.437001,1,0.264884,All_Defaults,SimpleBinaryDecision,60.0,0.3668798125265037,0.3668798125265037,"[2, 8, 1]",Mean Squared Error,LeakyReLU,None,He (Kaiming),WIP,0.01,5,Did Not Converge,Binary Decision,30,0.0,1.0,Alpha,Beta,0.6,0.4898979485566357,notes here,coming soon,599059
2025-06-11T20:13:14.562596,2,0.042727,All_Defaults,SimpleBinaryDecision,86.66666666666667,0.24580690540720057,0.24580690540720057,"[2, 8, 1]",Binary Cross-Entropy,LeakyReLU,Sigmoid,He (Kaiming),WIP,0.1,5,Did Not Converge,Binary Decision,30,0.0,1.0,Alpha,Beta,0.6,0.4898979485566357,notes here,coming soon,599059
2025-06-11T20:14:01.275195,1,0.262258,All_Defaults,SimpleBinaryDecision,60.0,0.3668798125265037,0.3668798125265037,"[2, 8, 1]",Mean Squared Error,LeakyReLU,None,He (Kaiming),WIP,0.01,5,Did Not Converge,Binary Decision,30,0.0,1.0,Alpha,Beta,0.6,0.4898979485566357,notes here,coming soon,599059
2025-06-11T20:14:02.350777,2,0.040018,All_Defaults,SimpleBinaryDecision,86.66666666666667,0.24580690540720057,0.24580690540720057,"[2, 8, 1]",Binary Cross-Entropy,LeakyReLU,Sigmoid,He (Kaiming),WIP,0.1,5,Did Not Converge,Binary Decision,30,0.0,1.0,Alpha,Beta,0.6,0.4898979485566357,notes here,coming soon,599059
2025-06-11T20:19:38.001623,1,0.262862,All_Defaults,SimpleBinaryDecision,60.0,0.3668798125265037,0.3668798125265037,"[2, 8, 1]",Mean Squared Error,LeakyReLU,None,He (Kaiming),WIP,0.01,5,Did Not Converge,Binary Decision,30,0.0,1.0,Alpha,Beta,0.6,0.4898979485566357,notes here,coming soon,599059
2025-06-11T20:19:39.144864,2,0.043877,All_Defaults,SimpleBinaryDecision,86.66666666666667,0.24580690540720057,0.24580690540720057,"[2, 8, 1]",Binary Cross-Entropy,LeakyReLU,Sigmoid,He (Kaiming),WIP,0.1,5,Did Not Converge,Binary Decision,30,0.0,1.0,Alpha,Beta,0.6,0.4898979485566357,notes here,coming soon,599059
2025-06-11T20:21:46.448163,1,0.301256,All_Defaults,SimpleBinaryDecision,60.0,0.3668798125265037,0.3668798125265037,"[2, 8, 1]",Mean Squared Error,LeakyReLU,None,He (Kaiming),WIP,0.01,5,Did Not Converge,Binary Decision,30,0.0,1.0,Alpha,Beta,0.6,0.4898979485566357,notes here,coming soon,599059
2025-06-11T20:21:47.583879,2,0.042295,All_Defaults,SimpleBinaryDecision,86.66666666666667,0.24580690540720057,0.24580690540720057,"[2, 8, 1]",Binary Cross-Entropy,LeakyReLU,Sigmoid,He (Kaiming),WIP,0.1,5,Did Not Converge,Binary Decision,30,0.0,1.0,Alpha,Beta,0.6,0.4898979485566357,notes here,coming soon,599059
2025-06-11T20:22:59.390848,1,0.260664,All_Defaults,SimpleBinaryDecision,60.0,0.3668798125265037,0.3668798125265037,"[2, 8, 1]",Mean Squared Error,LeakyReLU,None,He (Kaiming),WIP,0.01,5,Did Not Converge,Binary Decision,30,0.0,1.0,Alpha,Beta,0.6,0.4898979485566357,notes here,coming soon,599059
2025-06-11T20:23:00.493448,2,0.042637,All_Defaults,SimpleBinaryDecision,86.66666666666667,0.24580690540720057,0.24580690540720057,"[2, 8, 1]",Binary Cross-Entropy,LeakyReLU,Sigmoid,He (Kaiming),WIP,0.1,5,Did Not Converge,Binary Decision,30,0.0,1.0,Alpha,Beta,0.6,0.4898979485566357,notes here,coming soon,599059
2025-06-11T20:24:52.316368,1,0.267556,All_Defaults,SimpleBinaryDecision,60.0,0.3668798125265037,0.3668798125265037,"[2, 8, 1]",Mean Squared Error,LeakyReLU,None,He (Kaiming),WIP,0.01,5,Did Not Converge,Binary Decision,30,0.0,1.0,Alpha,Beta,0.6,0.4898979485566357,notes here,coming soon,599059
2025-06-11T20:24:53.411372,2,0.040692,All_Defaults,SimpleBinaryDecision,86.66666666666667,0.24580690540720057,0.24580690540720057,"[2, 8, 1]",Binary Cross-Entropy,LeakyReLU,Sigmoid,He (Kaiming),WIP,0.1,5,Did Not Converge,Binary Decision,30,0.0,1.0,Alpha,Beta,0.6,0.4898979485566357,notes here,coming soon,599059
2025-06-11T20:27:51.067390,1,0.269119,All_Defaults,SimpleBinaryDecision,60.0,0.3668798125265037,0.3668798125265037,"[2, 8, 1]",Mean Squared Error,LeakyReLU,None,He (Kaiming),WIP,0.01,5,Did Not Converge,Binary Decision,30,0.0,1.0,Alpha,Beta,0.6,0.4898979485566357,notes here,coming soon,599059
2025-06-11T20:27:52.158025,2,0.041965,All_Defaults,SimpleBinaryDecision,86.66666666666667,0.24580690540720057,0.24580690540720057,"[2, 8, 1]",Binary Cross-Entropy,LeakyReLU,Sigmoid,He (Kaiming),WIP,0.1,5,Did Not Converge,Binary Decision,30,0.0,1.0,Alpha,Beta,0.6,0.4898979485566357,notes here,coming soon,599059
2025-06-11T20:28:24.122724,1,0.26317,All_Defaults,SimpleBinaryDecision,60.0,0.3668798125265037,0.3668798125265037,"[2, 8, 1]",Mean Squared Error,LeakyReLU,None,He (Kaiming),WIP,0.01,5,Did Not Converge,Binary Decision,30,0.0,1.0,Alpha,Beta,0.6,0.4898979485566357,notes here,coming soon,599059
2025-06-11T20:28:25.213440,2,0.043021,All_Defaults,SimpleBinaryDecision,86.66666666666667,0.24580690540720057,0.24580690540720057,"[2, 8, 1]",Binary Cross-Entropy,LeakyReLU,Sigmoid,He (Kaiming),WIP,0.1,5,Did Not Converge,Binary Decision,30,0.0,1.0,Alpha,Beta,0.6,0.4898979485566357,notes here,coming soon,599059
2025-06-11T20:29:51.321301,1,0.267353,All_Defaults,SimpleBinaryDecision,60.0,0.3668798125265037,0.3668798125265037,"[2, 8, 1]",Mean Squared Error,LeakyReLU,None,He (Kaiming),WIP,0.01,5,Did Not Converge,Binary Decision,30,0.0,1.0,Alpha,Beta,0.6,0.4898979485566357,notes here,coming soon,599059
2025-06-11T20:29:52.419853,2,0.041591,All_Defaults,SimpleBinaryDecision,86.66666666666667,0.24580690540720057,0.24580690540720057,"[2, 8, 1]",Binary Cross-Entropy,LeakyReLU,Sigmoid,He (Kaiming),WIP,0.1,5,Did Not Converge,Binary Decision,30,0.0,1.0,Alpha,Beta,0.6,0.4898979485566357,notes here,coming soon,599059
2025-06-11T21:47:05.248274,2,0.040962,All_Defaults,SimpleBinaryDecision,0.0,0.24580690540720057,0.24580690540720057,"[2, 8, 1]",Binary Cross-Entropy,LeakyReLU,Sigmoid,He (Kaiming),WIP,0.1,5,Did Not Converge,Binary Decision,30,0.0,1.0,Alpha,Beta,0.6,0.4898979485566357,notes here,coming soon,599059
2025-06-11T21:47:36.576466,1,0.256034,All_Defaults,SimpleBinaryDecision,0.0,0.3668798125265037,0.3668798125265037,"[2, 8, 1]",Mean Squared Error,LeakyReLU,None,He (Kaiming),WIP,0.01,5,Did Not Converge,Binary Decision,30,0.0,1.0,Alpha,Beta,0.6,0.4898979485566357,notes here,coming soon,599059
2025-06-11T21:47:37.618614,2,0.039824,All_Defaults,SimpleBinaryDecision,0.0,0.24580690540720057,0.24580690540720057,"[2, 8, 1]",Binary Cross-Entropy,LeakyReLU,Sigmoid,He (Kaiming),WIP,0.1,5,Did Not Converge,Binary Decision,30,0.0,1.0,Alpha,Beta,0.6,0.4898979485566357,notes here,coming soon,599059
2025-06-11T21:48:42.103657,1,0.25309,All_Defaults,SimpleBinaryDecision,0.0,0.3668798125265037,0.3668798125265037,"[2, 8, 1]",Mean Squared Error,LeakyReLU,None,He (Kaiming),WIP,0.01,5,Did Not Converge,Binary Decision,30,0.0,1.0,Alpha,Beta,0.6,0.4898979485566357,notes here,coming soon,599059
2025-06-11T21:48:43.143982,2,0.040261,All_Defaults,SimpleBinaryDecision,0.0,0.24580690540720057,0.24580690540720057,"[2, 8, 1]",Binary Cross-Entropy,LeakyReLU,Sigmoid,He (Kaiming),WIP,0.1,5,Did Not Converge,Binary Decision,30,0.0,1.0,Alpha,Beta,0.6,0.4898979485566357,notes here,coming soon,599059
2025-06-11T21:49:36.574965,1,0.245741,All_Defaults,SimpleBinaryDecision,0.0,0.3668798125265037,0.3668798125265037,"[2, 8, 1]",Mean Squared Error,LeakyReLU,None,He (Kaiming),WIP,0.01,5,Did Not Converge,Binary Decision,30,0.0,1.0,Alpha,Beta,0.6,0.4898979485566357,notes here,coming soon,599059
2025-06-11T21:49:37.633386,2,0.0417,All_Defaults,SimpleBinaryDecision,0.0,0.24580690540720057,0.24580690540720057,"[2, 8, 1]",Binary Cross-Entropy,LeakyReLU,Sigmoid,He (Kaiming),WIP,0.1,5,Did Not Converge,Binary Decision,30,0.0,1.0,Alpha,Beta,0.6,0.4898979485566357,notes here,coming soon,599059
2025-06-11T21:49:47.360440,1,0.249169,All_Defaults,SimpleBinaryDecision,0.0,0.3668798125265037,0.3668798125265037,"[2, 8, 1]",Mean Squared Error,LeakyReLU,None,He (Kaiming),WIP,0.01,5,Did Not Converge,Binary Decision,30,0.0,1.0,Alpha,Beta,0.6,0.4898979485566357,notes here,coming soon,599059
2025-06-11T21:49:48.369176,2,0.040182,All_Defaults,SimpleBinaryDecision,0.0,0.24580690540720057,0.24580690540720057,"[2, 8, 1]",Binary Cross-Entropy,LeakyReLU,Sigmoid,He (Kaiming),WIP,0.1,5,Did Not Converge,Binary Decision,30,0.0,1.0,Alpha,Beta,0.6,0.4898979485566357,notes here,coming soon,599059
2025-06-11T21:50:22.792049,1,0.255186,All_Defaults,SimpleBinaryDecision,0.0,0.3668798125265037,0.3668798125265037,"[2, 8, 1]",Mean Squared Error,LeakyReLU,None,He (Kaiming),WIP,0.01,5,Did Not Converge,Binary Decision,30,0.0,1.0,Alpha,Beta,0.6,0.4898979485566357,notes here,coming soon,599059
2025-06-11T21:50:23.836975,2,0.039643,All_Defaults,SimpleBinaryDecision,0.0,0.24580690540720057,0.24580690540720057,"[2, 8, 1]",Binary Cross-Entropy,LeakyReLU,Sigmoid,He (Kaiming),WIP,0.1,5,Did Not Converge,Binary Decision,30,0.0,1.0,Alpha,Beta,0.6,0.4898979485566357,notes here,coming soon,599059
2025-06-11T21:51:10.799724,3,0.043968,All_Defaults,California_HousingUSD,0.0004867438542666136,206762.32692551546,206762.32692551546,"[2, 8, 1]",Mean Squared Error,LeakyReLU,None,He (Kaiming),WIP,1e-09,5,Did Not Converge,Regression,30,93800.0,452600.0,,,206763.33333333334,93281.58619053506,notes here,coming soon,599059
2025-06-11T21:51:12.022784,4,0.0476,All_Defaults,California_HousingUSD,77.20207680945782,47137.745919538036,47137.745919538036,"[2, 8, 1]",Binary Cross-Entropy,LeakyReLU,Sigmoid,He (Kaiming),WIP,0.1,5,Did Not Converge,Regression,30,93800.0,452600.0,,,206763.33333333334,93281.58619053506,notes here,coming soon,599059
2025-06-11T21:51:20.919436,1,0.248458,All_Defaults,SimpleBinaryDecision,0.0,0.3668798125265037,0.3668798125265037,"[2, 8, 1]",Mean Squared Error,LeakyReLU,None,He (Kaiming),WIP,0.01,5,Did Not Converge,Binary Decision,30,0.0,1.0,Alpha,Beta,0.6,0.4898979485566357,notes here,coming soon,599059
2025-06-11T21:51:21.954703,2,0.039956,All_Defaults,SimpleBinaryDecision,0.0,0.24580690540720057,0.24580690540720057,"[2, 8, 1]",Binary Cross-Entropy,LeakyReLU,Sigmoid,He (Kaiming),WIP,0.1,5,Did Not Converge,Binary Decision,30,0.0,1.0,Alpha,Beta,0.6,0.4898979485566357,notes here,coming soon,599059
2025-06-11T21:51:23.562850,3,0.043012,All_Defaults,California_HousingUSD,0.0004867438542666136,206762.32692551546,206762.32692551546,"[2, 8, 1]",Mean Squared Error,LeakyReLU,None,He (Kaiming),WIP,1e-09,5,Did Not Converge,Regression,30,93800.0,452600.0,,,206763.33333333334,93281.58619053506,notes here,coming soon,599059
2025-06-11T21:51:24.748009,4,0.044721,All_Defaults,California_HousingUSD,77.20207680945782,47137.745919538036,47137.745919538036,"[2, 8, 1]",Binary Cross-Entropy,LeakyReLU,Sigmoid,He (Kaiming),WIP,0.1,5,Did Not Converge,Regression,30,93800.0,452600.0,,,206763.33333333334,93281.58619053506,notes here,coming soon,599059
2025-06-11T21:51:53.504130,1,0.242324,All_Defaults,SimpleBinaryDecision,0.0,0.3668798125265037,0.3668798125265037,"[2, 8, 1]",Mean Squared Error,LeakyReLU,None,He (Kaiming),WIP,0.01,5,Did Not Converge,Binary Decision,30,0.0,1.0,Alpha,Beta,0.6,0.4898979485566357,notes here,coming soon,599059
2025-06-11T21:51:54.539871,2,0.041274,All_Defaults,SimpleBinaryDecision,0.0,0.24580690540720057,0.24580690540720057,"[2, 8, 1]",Binary Cross-Entropy,LeakyReLU,Sigmoid,He (Kaiming),WIP,0.1,5,Did Not Converge,Binary Decision,30,0.0,1.0,Alpha,Beta,0.6,0.4898979485566357,notes here,coming soon,599059
2025-06-11T21:52:24.661015,1,0.250283,All_Defaults,SimpleBinaryDecision,0.0,0.3668798125265037,0.3668798125265037,"[2, 8, 1]",Mean Squared Error,LeakyReLU,None,He (Kaiming),WIP,0.01,5,Did Not Converge,Binary Decision,30,0.0,1.0,Alpha,Beta,0.6,0.4898979485566357,notes here,coming soon,599059
2025-06-11T21:52:25.714022,2,0.040695,All_Defaults,SimpleBinaryDecision,0.0,0.24580690540720057,0.24580690540720057,"[2, 8, 1]",Binary Cross-Entropy,LeakyReLU,Sigmoid,He (Kaiming),WIP,0.1,5,Did Not Converge,Binary Decision,30,0.0,1.0,Alpha,Beta,0.6,0.4898979485566357,notes here,coming soon,599059
2025-06-11T21:52:53.072894,1,0.246299,All_Defaults,SimpleBinaryDecision,0.0,0.3668798125265037,0.3668798125265037,"[2, 8, 1]",Mean Squared Error,LeakyReLU,None,He (Kaiming),WIP,0.01,5,Did Not Converge,Binary Decision,30,0.0,1.0,Alpha,Beta,0.6,0.4898979485566357,notes here,coming soon,599059
2025-06-11T21:52:54.295140,2,0.247018,All_Defaults,SimpleBinaryDecision,0.0,0.24580690540720057,0.24580690540720057,"[2, 8, 1]",Binary Cross-Entropy,LeakyReLU,Sigmoid,He (Kaiming),WIP,0.1,5,Did Not Converge,Binary Decision,30,0.0,1.0,Alpha,Beta,0.6,0.4898979485566357,notes here,coming soon,599059
2025-06-11T21:53:14.406925,1,5.38604,All_Defaults,SimpleBinaryDecision,0.0,0.2066642022174706,0.20692404119905086,"[2, 8, 1]",Mean Squared Error,LeakyReLU,None,He (Kaiming),WIP,0.01,115,Did Not Converge,Binary Decision,30,0.0,1.0,Alpha,Beta,0.6,0.4898979485566357,notes here,coming soon,599059
2025-06-11T21:53:20.865099,2,5.489128,All_Defaults,SimpleBinaryDecision,0.0,0.20044383675527463,0.20364645584523303,"[2, 8, 1]",Binary Cross-Entropy,LeakyReLU,Sigmoid,He (Kaiming),WIP,0.1,115,Did Not Converge,Binary Decision,30,0.0,1.0,Alpha,Beta,0.6,0.4898979485566357,notes here,coming soon,599059
2025-06-11T21:54:23.918169,1,5.478839,All_Defaults,SimpleBinaryDecision,0.0,0.2066642022174706,0.20692404119905086,"[2, 8, 1]",Mean Squared Error,LeakyReLU,None,He (Kaiming),WIP,0.01,115,Did Not Converge,Binary Decision,30,0.0,1.0,Alpha,Beta,0.6,0.4898979485566357,notes here,coming soon,599059
2025-06-11T21:54:28.489218,2,0.040608,All_Defaults,SimpleBinaryDecision,0.0,0.24580690540720057,0.24580690540720057,"[2, 8, 1]",Binary Cross-Entropy,LeakyReLU,Sigmoid,He (Kaiming),WIP,0.1,5,Did Not Converge,Binary Decision,30,0.0,1.0,Alpha,Beta,0.6,0.4898979485566357,notes here,coming soon,599059
2025-06-11T21:54:37.368761,1,0.2555,All_Defaults,SimpleBinaryDecision,0.0,0.3668798125265037,0.3668798125265037,"[2, 8, 1]",Mean Squared Error,LeakyReLU,None,He (Kaiming),WIP,0.01,5,Did Not Converge,Binary Decision,30,0.0,1.0,Alpha,Beta,0.6,0.4898979485566357,notes here,coming soon,599059
2025-06-11T21:54:38.455992,2,0.039699,All_Defaults,SimpleBinaryDecision,0.0,0.24580690540720057,0.24580690540720057,"[2, 8, 1]",Binary Cross-Entropy,LeakyReLU,Sigmoid,He (Kaiming),WIP,0.1,5,Did Not Converge,Binary Decision,30,0.0,1.0,Alpha,Beta,0.6,0.4898979485566357,notes here,coming soon,599059
2025-06-11T21:55:24.015350,1,0.258489,All_Defaults,SimpleBinaryDecision,60.0,0.3668798125265037,0.3668798125265037,"[2, 8, 1]",Mean Squared Error,LeakyReLU,None,He (Kaiming),WIP,0.01,5,Did Not Converge,Binary Decision,30,0.0,1.0,Alpha,Beta,0.6,0.4898979485566357,notes here,coming soon,599059
2025-06-11T21:55:25.058754,2,0.041373,All_Defaults,SimpleBinaryDecision,86.66666666666667,0.24580690540720057,0.24580690540720057,"[2, 8, 1]",Binary Cross-Entropy,LeakyReLU,Sigmoid,He (Kaiming),WIP,0.1,5,Did Not Converge,Binary Decision,30,0.0,1.0,Alpha,Beta,0.6,0.4898979485566357,notes here,coming soon,599059
2025-06-11T21:58:07.510594,1,0.265509,All_Defaults,SimpleBinaryDecision,60.0,0.3668798125265037,0.3668798125265037,"[2, 8, 1]",Mean Squared Error,LeakyReLU,None,He (Kaiming),WIP,0.01,5,Did Not Converge,Binary Decision,30,0.0,1.0,Alpha,Beta,0.6,0.4898979485566357,notes here,coming soon,599059
2025-06-11T21:58:08.570507,2,0.039201,All_Defaults,SimpleBinaryDecision,86.66666666666667,0.24580690540720057,0.24580690540720057,"[2, 8, 1]",Binary Cross-Entropy,LeakyReLU,Sigmoid,He (Kaiming),WIP,0.1,5,Did Not Converge,Binary Decision,30,0.0,1.0,Alpha,Beta,0.6,0.4898979485566357,notes here,coming soon,599059
2025-06-11T22:00:16.143223,1,0.254642,All_Defaults,SimpleBinaryDecision,60.0,0.3668798125265037,0.3668798125265037,"[2, 8, 1]",Mean Squared Error,LeakyReLU,None,He (Kaiming),WIP,0.01,5,Did Not Converge,Binary Decision,30,0.0,1.0,Alpha,Beta,0.6,0.4898979485566357,notes here,coming soon,599059
2025-06-11T22:00:17.182777,2,0.041522,All_Defaults,SimpleBinaryDecision,86.66666666666667,0.24580690540720057,0.24580690540720057,"[2, 8, 1]",Binary Cross-Entropy,LeakyReLU,Sigmoid,He (Kaiming),WIP,0.1,5,Did Not Converge,Binary Decision,30,0.0,1.0,Alpha,Beta,0.6,0.4898979485566357,notes here,coming soon,599059
2025-06-11T22:02:14.732277,1,0.254602,All_Defaults,SimpleBinaryDecision,60.0,0.3668798125265037,0.3668798125265037,"[2, 8, 1]",Mean Squared Error,LeakyReLU,None,He (Kaiming),WIP,0.01,5,Did Not Converge,Binary Decision,30,0.0,1.0,Alpha,Beta,0.6,0.4898979485566357,notes here,coming soon,599059
2025-06-11T22:02:15.756354,2,0.039476,All_Defaults,SimpleBinaryDecision,86.66666666666667,0.24580690540720057,0.24580690540720057,"[2, 8, 1]",Binary Cross-Entropy,LeakyReLU,Sigmoid,He (Kaiming),WIP,0.1,5,Did Not Converge,Binary Decision,30,0.0,1.0,Alpha,Beta,0.6,0.4898979485566357,notes here,coming soon,599059
2025-06-11T22:02:46.829690,1,0.254712,All_Defaults,SimpleBinaryDecision,60.0,0.3668798125265037,0.3668798125265037,"[2, 8, 1]",Mean Squared Error,LeakyReLU,None,He (Kaiming),WIP,0.01,5,Did Not Converge,Binary Decision,30,0.0,1.0,Alpha,Beta,0.6,0.4898979485566357,notes here,coming soon,599059
2025-06-11T22:02:47.860716,2,0.041347,All_Defaults,SimpleBinaryDecision,86.66666666666667,0.24580690540720057,0.24580690540720057,"[2, 8, 1]",Binary Cross-Entropy,LeakyReLU,Sigmoid,He (Kaiming),WIP,0.1,5,Did Not Converge,Binary Decision,30,0.0,1.0,Alpha,Beta,0.6,0.4898979485566357,notes here,coming soon,599059
2025-06-11T22:03:19.475004,1,0.24667,All_Defaults,SimpleBinaryDecision,60.0,0.3668798125265037,0.3668798125265037,"[2, 8, 1]",Mean Squared Error,LeakyReLU,None,He (Kaiming),WIP,0.01,5,Did Not Converge,Binary Decision,30,0.0,1.0,Alpha,Beta,0.6,0.4898979485566357,notes here,coming soon,599059
2025-06-11T22:03:20.519811,2,0.0407,All_Defaults,SimpleBinaryDecision,86.66666666666667,0.24580690540720057,0.24580690540720057,"[2, 8, 1]",Binary Cross-Entropy,LeakyReLU,Sigmoid,He (Kaiming),WIP,0.1,5,Did Not Converge,Binary Decision,30,0.0,1.0,Alpha,Beta,0.6,0.4898979485566357,notes here,coming soon,599059
2025-06-11T23:58:06.428782,1,0.331979,All_Defaults,SimpleBinaryDecision,60.0,0.3668798125265037,0.3668798125265037,"[2, 8, 1]",Mean Squared Error,LeakyReLU,None,He (Kaiming),WIP,0.01,5,Did Not Converge,Binary Decision,30,0.0,1.0,Alpha,Beta,0.6,0.4898979485566357,notes here,coming soon,599059
2025-06-11T23:58:07.616352,2,0.043304,All_Defaults,SimpleBinaryDecision,86.66666666666667,0.24580690540720057,0.24580690540720057,"[2, 8, 1]",Binary Cross-Entropy,LeakyReLU,Sigmoid,He (Kaiming),WIP,0.1,5,Did Not Converge,Binary Decision,30,0.0,1.0,Alpha,Beta,0.6,0.4898979485566357,notes here,coming soon,599059
2025-06-12T01:00:09.704870,1,0.289746,All_Defaults,SimpleBinaryDecision,60.0,0.3668798125265037,0.3668798125265037,"[2, 8, 1]",Mean Squared Error,LeakyReLU,None,He (Kaiming),WIP,0.01,5,Did Not Converge,Binary Decision,30,0.0,1.0,Alpha,Beta,0.6,0.4898979485566357,notes here,coming soon,599059
2025-06-12T01:00:10.853037,2,0.04426,All_Defaults,SimpleBinaryDecision,86.66666666666667,0.24580690540720057,0.24580690540720057,"[2, 8, 1]",Binary Cross-Entropy,LeakyReLU,Sigmoid,He (Kaiming),WIP,0.1,5,Did Not Converge,Binary Decision,30,0.0,1.0,Alpha,Beta,0.6,0.4898979485566357,notes here,coming soon,599059
2025-06-12T01:02:17.419115,1,0.298511,All_Defaults,SimpleBinaryDecision,60.0,0.3668798125265037,0.3668798125265037,"[2, 8, 1]",Mean Squared Error,LeakyReLU,None,He (Kaiming),WIP,0.01,5,Did Not Converge,Binary Decision,30,0.0,1.0,Alpha,Beta,0.6,0.4898979485566357,notes here,coming soon,599059
2025-06-12T01:02:18.609632,2,0.043853,All_Defaults,SimpleBinaryDecision,86.66666666666667,0.24580690540720057,0.24580690540720057,"[2, 8, 1]",Binary Cross-Entropy,LeakyReLU,Sigmoid,He (Kaiming),WIP,0.1,5,Did Not Converge,Binary Decision,30,0.0,1.0,Alpha,Beta,0.6,0.4898979485566357,notes here,coming soon,599059
2025-06-12T01:04:32.220481,1,0.292923,All_Defaults,SimpleBinaryDecision,60.0,0.3668798125265037,0.3668798125265037,"[2, 8, 1]",Mean Squared Error,LeakyReLU,None,He (Kaiming),WIP,0.01,5,Did Not Converge,Binary Decision,30,0.0,1.0,Alpha,Beta,0.6,0.4898979485566357,notes here,coming soon,599059
2025-06-12T01:04:33.646864,2,0.314619,All_Defaults,SimpleBinaryDecision,86.66666666666667,0.24580690540720057,0.24580690540720057,"[2, 8, 1]",Binary Cross-Entropy,LeakyReLU,Sigmoid,He (Kaiming),WIP,0.1,5,Did Not Converge,Binary Decision,30,0.0,1.0,Alpha,Beta,0.6,0.4898979485566357,notes here,coming soon,599059
