timestamp,run_id,runtime_seconds,gladiator,arena,accuracy,best_mae,final_mae,architecture,loss_function,hidden_activation,output_activation,weight_initializer,normalization_scheme,learning_rate,epoch_count,convergence_condition,problem_type,sample_count,seed
2025-06-05T18:24:25.281604,1,4.978814,All_Defaults,Predict_Income_2_Inputs,95.29552506902318,11399.548561003892,11987.534886151021,"[4, 4, 1]",Binary Cross-Entropy,LeakyReLU,Sigmoid,He (Kaiming),WIP,0.1,100,Did Not Converge,Regression,30,599059
2025-06-05T18:24:30.921215,2,4.95331,All_Defaults,Predict_Income_2_Inputs,-1.761896008532382,259300.83513695447,259300.83513695447,"[4, 4, 1]",Binary Cross-Entropy,LeakyReLU,Sigmoid,Large Random,WIP,1e-06,100,Did Not Converge,Regression,30,599059
2025-06-05T18:24:37.168214,3,5.295667,All_Defaults,Predict_Income_2_Inputs,52.698611846270474,120529.29369919472,120529.29369919472,"[4, 4, 1]",Binary Cross-Entropy,LeakyReLU,Sigmoid,Xavier Kill ReLU,WIP,0.1,100,Did Not Converge,Regression,30,599059
2025-06-05T18:24:43.173019,4,4.959354,All_Defaults,Predict_Income_2_Inputs,95.46215424677183,11476.775647621227,11562.9448711931,"[4, 4, 1]",Binary Cross-Entropy,LeakyReLU,Sigmoid,LeCun,WIP,0.1,100,Did Not Converge,Regression,30,599059
2025-06-05T18:24:44.991352,5,0.824381,All_Defaults,Predict_Income_2_Inputs,95.51034732049804,11246.787840763502,11440.143461675594,"[4, 4, 1]",Binary Cross-Entropy,LeakyReLU,Sigmoid,Normal Random,WIP,0.1,100,Did Not Converge,Regression,30,599059
2025-06-05T18:24:46.765404,6,0.792853,All_Defaults,Predict_Income_2_Inputs,53.1423020586741,119398.72079193771,119398.72079193771,"[4, 4, 1]",Binary Cross-Entropy,LeakyReLU,Sigmoid,Small Random,WIP,0.01,100,Did Not Converge,Regression,30,599059
2025-06-05T18:24:48.536417,7,0.758067,All_Defaults,Predict_Income_2_Inputs,94.96380860141556,12443.091645519138,12832.786011111632,"[4, 4, 1]",Binary Cross-Entropy,LeakyReLU,Sigmoid,Uniform Random,WIP,0.1,100,Did Not Converge,Regression,30,599059
2025-06-05T18:24:50.370475,8,0.806224,All_Defaults,Predict_Income_2_Inputs,95.03480523823997,12650.800852209686,12651.878540412185,"[4, 4, 1]",Binary Cross-Entropy,LeakyReLU,Sigmoid,Xavier (Glorot),WIP,0.1,100,Did Not Converge,Regression,30,599059
2025-06-05T18:24:51.530333,9,0.464507,All_Defaults,Predict_Income_2_Inputs,93.7464106524393,13955.920065807646,15934.85385030653,"[4, 4, 1]",Binary Cross-Entropy,None,Sigmoid,He (Kaiming),WIP,0.01,100,Did Not Converge,Regression,30,599059
2025-06-05T18:24:52.491888,10,0.473435,All_Defaults,Predict_Income_2_Inputs,-31.179570422823065,334260.4009726088,334260.4009726088,"[4, 4, 1]",Binary Cross-Entropy,None,Sigmoid,Large Random,WIP,1e-06,100,Did Not Converge,Regression,30,599059
2025-06-05T18:24:53.716203,11,0.514003,All_Defaults,Predict_Income_2_Inputs,93.210136530309,17301.3410442859,17301.3410442859,"[4, 4, 1]",Binary Cross-Entropy,None,Sigmoid,Xavier Kill ReLU,WIP,0.1,100,Did Not Converge,Regression,30,599059
2025-06-05T18:24:54.855542,12,0.495815,All_Defaults,Predict_Income_2_Inputs,93.79367167280931,13894.363260021999,15814.427418291712,"[4, 4, 1]",Binary Cross-Entropy,None,Sigmoid,LeCun,WIP,0.01,100,Did Not Converge,Regression,30,599059
2025-06-05T18:24:56.087130,13,0.537225,All_Defaults,Predict_Income_2_Inputs,93.79566933424115,12942.402239557376,15809.337150736596,"[4, 4, 1]",Binary Cross-Entropy,None,Sigmoid,Normal Random,WIP,0.001,100,Did Not Converge,Regression,30,599059
2025-06-05T18:24:57.244902,14,0.507392,All_Defaults,Predict_Income_2_Inputs,53.14213051263388,119399.15791067504,119399.15791067504,"[4, 4, 1]",Binary Cross-Entropy,None,Sigmoid,Small Random,WIP,0.01,100,Did Not Converge,Regression,30,599059
2025-06-05T18:24:58.397339,15,0.480619,All_Defaults,Predict_Income_2_Inputs,93.69162850720359,14551.175973685085,16074.444960214885,"[4, 4, 1]",Binary Cross-Entropy,None,Sigmoid,Uniform Random,WIP,0.1,100,Did Not Converge,Regression,30,599059
2025-06-05T18:24:59.589128,16,0.515996,All_Defaults,Predict_Income_2_Inputs,93.77699639686851,12694.692044791043,15856.917909793827,"[4, 4, 1]",Binary Cross-Entropy,None,Sigmoid,Xavier (Glorot),WIP,0.01,100,Did Not Converge,Regression,30,599059
2025-06-05T18:25:01.237890,17,0.695132,All_Defaults,Predict_Income_2_Inputs,95.3516805564195,11514.470788468238,11844.444344892197,"[4, 4, 1]",Binary Cross-Entropy,ReLU,Sigmoid,He (Kaiming),WIP,0.1,100,Did Not Converge,Regression,30,599059
2025-06-05T18:25:02.606022,18,0.715002,All_Defaults,Predict_Income_2_Inputs,3.73230097398497,245300.9990307735,245300.9990307735,"[4, 4, 1]",Binary Cross-Entropy,ReLU,Sigmoid,Large Random,WIP,1e-06,100,Did Not Converge,Regression,30,599059
2025-06-05T18:25:04.317175,19,0.742537,All_Defaults,Predict_Income_2_Inputs,53.146026350009535,116839.95186775392,119389.23087585469,"[4, 4, 1]",Binary Cross-Entropy,ReLU,Sigmoid,Xavier Kill ReLU,WIP,0.01,100,Did Not Converge,Regression,30,599059
2025-06-05T18:25:06.040238,20,0.763071,All_Defaults,Predict_Income_2_Inputs,95.42670372365659,11584.97545094147,11653.276818713592,"[4, 4, 1]",Binary Cross-Entropy,ReLU,Sigmoid,LeCun,WIP,0.1,100,Did Not Converge,Regression,30,599059
2025-06-05T18:25:07.809283,21,0.781092,All_Defaults,Predict_Income_2_Inputs,95.5781755653272,11267.309412587101,11267.309412587101,"[4, 4, 1]",Binary Cross-Entropy,ReLU,Sigmoid,Normal Random,WIP,0.1,100,Did Not Converge,Regression,30,599059
2025-06-05T18:25:09.542385,22,0.780248,All_Defaults,Predict_Income_2_Inputs,53.1423046879692,119398.71409219604,119398.71409219604,"[4, 4, 1]",Binary Cross-Entropy,ReLU,Sigmoid,Small Random,WIP,0.01,100,Did Not Converge,Regression,30,599059
2025-06-05T18:25:11.218541,23,0.704577,All_Defaults,Predict_Income_2_Inputs,94.92823792264663,12510.844847895216,12923.424128844821,"[4, 4, 1]",Binary Cross-Entropy,ReLU,Sigmoid,Uniform Random,WIP,0.1,100,Did Not Converge,Regression,30,599059
2025-06-05T18:25:12.955269,24,0.750493,All_Defaults,Predict_Income_2_Inputs,95.01309121074962,12707.208341479984,12707.208341479984,"[4, 4, 1]",Binary Cross-Entropy,ReLU,Sigmoid,Xavier (Glorot),WIP,0.1,100,Did Not Converge,Regression,30,599059
2025-06-05T18:25:14.356212,25,0.596177,All_Defaults,Predict_Income_2_Inputs,91.78997995357258,20920.060828576425,20920.060828576425,"[4, 4, 1]",Binary Cross-Entropy,Sigmoid,Sigmoid,He (Kaiming),WIP,0.1,100,Did Not Converge,Regression,30,599059
2025-06-05T18:25:15.548782,26,0.595568,All_Defaults,Predict_Income_2_Inputs,1.1218467027000023,251952.73213698712,251952.73213698712,"[4, 4, 1]",Binary Cross-Entropy,Sigmoid,Sigmoid,Large Random,WIP,1e-06,100,Did Not Converge,Regression,30,599059
2025-06-05T18:25:16.972318,27,0.599123,All_Defaults,Predict_Income_2_Inputs,88.53761258532884,29207.4611998025,29207.4611998025,"[4, 4, 1]",Binary Cross-Entropy,Sigmoid,Sigmoid,Xavier Kill ReLU,WIP,0.1,100,Did Not Converge,Regression,30,599059
2025-06-05T18:25:18.392066,28,0.60832,All_Defaults,Predict_Income_2_Inputs,91.66402413658979,21241.0105142157,21241.0105142157,"[4, 4, 1]",Binary Cross-Entropy,Sigmoid,Sigmoid,LeCun,WIP,0.1,100,Did Not Converge,Regression,30,599059
2025-06-05T18:25:19.917449,29,0.632481,All_Defaults,Predict_Income_2_Inputs,91.87693834640311,20698.48099597156,20698.48099597156,"[4, 4, 1]",Binary Cross-Entropy,Sigmoid,Sigmoid,Normal Random,WIP,0.1,100,Did Not Converge,Regression,30,599059
2025-06-05T18:25:21.328887,30,0.619778,All_Defaults,Predict_Income_2_Inputs,53.10258011260738,119499.93680885923,119499.93680885923,"[4, 4, 1]",Binary Cross-Entropy,Sigmoid,Sigmoid,Small Random,WIP,0.01,100,Did Not Converge,Regression,30,599059
2025-06-05T18:25:22.741543,31,0.562553,All_Defaults,Predict_Income_2_Inputs,91.18133920631605,22470.946378593777,22470.946378593777,"[4, 4, 1]",Binary Cross-Entropy,Sigmoid,Sigmoid,Uniform Random,WIP,0.1,100,Did Not Converge,Regression,30,599059
2025-06-05T18:25:25.189619,32,1.003092,All_Defaults,Predict_Income_2_Inputs,91.1305048002719,22600.478201977203,22600.478201977203,"[4, 4, 1]",Binary Cross-Entropy,Sigmoid,Sigmoid,Xavier (Glorot),WIP,0.1,100,Did Not Converge,Regression,30,599059
2025-06-05T18:25:27.254820,33,0.751199,All_Defaults,Predict_Income_2_Inputs,97.20389199583089,7124.799842107738,7124.799842107738,"[4, 4, 1]",Binary Cross-Entropy,Tanh,Sigmoid,He (Kaiming),WIP,0.1,100,Did Not Converge,Regression,30,599059
2025-06-05T18:25:28.555351,34,0.635328,All_Defaults,Predict_Income_2_Inputs,41.793945235741305,148315.61913050542,148315.61913050542,"[4, 4, 1]",Binary Cross-Entropy,Tanh,Sigmoid,Large Random,WIP,1e-06,100,Did Not Converge,Regression,30,599059
2025-06-05T18:25:30.115010,35,0.633483,All_Defaults,Predict_Income_2_Inputs,79.03192467658984,53350.12018976784,53429.03047049109,"[4, 4, 1]",Binary Cross-Entropy,Tanh,Sigmoid,Xavier Kill ReLU,WIP,0.1,100,Did Not Converge,Regression,30,599059
2025-06-05T18:25:31.629915,36,0.647188,All_Defaults,Predict_Income_2_Inputs,96.58088357996974,8685.592010532298,8712.295838807728,"[4, 4, 1]",Binary Cross-Entropy,Tanh,Sigmoid,LeCun,WIP,0.1,100,Did Not Converge,Regression,30,599059
2025-06-05T18:25:33.157093,37,0.637164,All_Defaults,Predict_Income_2_Inputs,97.81465385575142,5568.509456815448,5568.509456815448,"[4, 4, 1]",Binary Cross-Entropy,Tanh,Sigmoid,Normal Random,WIP,0.1,100,Did Not Converge,Regression,30,599059
2025-06-05T18:25:34.734985,38,0.759878,All_Defaults,Predict_Income_2_Inputs,53.142130530251144,119399.15786578429,119399.15786578429,"[4, 4, 1]",Binary Cross-Entropy,Tanh,Sigmoid,Small Random,WIP,0.01,100,Did Not Converge,Regression,30,599059
2025-06-05T18:25:36.792990,39,0.700852,All_Defaults,Predict_Income_2_Inputs,95.28239438765713,11868.634696377596,12020.993349266237,"[4, 4, 1]",Binary Cross-Entropy,Tanh,Sigmoid,Uniform Random,WIP,0.1,100,Did Not Converge,Regression,30,599059
2025-06-05T18:25:38.470321,40,0.708528,All_Defaults,Predict_Income_2_Inputs,91.75930495665605,20998.224194534305,20998.224194534305,"[4, 4, 1]",Binary Cross-Entropy,Tanh,Sigmoid,Xavier (Glorot),WIP,0.1,100,Did Not Converge,Regression,30,599059
2025-06-05T18:25:40.233683,41,0.833205,All_Defaults,Predict_Income_2_Inputs,0.0035487440675940896,254802.28197812827,254802.28197812827,"[4, 4, 1]",Binary Cross-Entropy with Logits,LeakyReLU,None,He (Kaiming),WIP,1e-09,100,Did Not Converge,Regression,30,599059
2025-06-05T18:25:40.330146,42,0.004269,All_Defaults,Predict_Income_2_Inputs,-2.0091504125538936e+16,5.1195427790309835e+19,5.1195427790309835e+19,"[4, 4, 1]",Binary Cross-Entropy with Logits,LeakyReLU,None,Large Random,WIP,1e-06,1,Gradient Explosion,Regression,30,599059
2025-06-05T18:25:42.021407,43,0.783039,All_Defaults,Predict_Income_2_Inputs,-2.748514256075461e+20,233802.1857670586,7.003525582173071e+23,"[4, 4, 1]",Binary Cross-Entropy with Logits,LeakyReLU,None,Xavier Kill ReLU,WIP,1e-07,98,Gradient Explosion,Regression,30,599059
2025-06-05T18:25:43.028419,44,0.17505,All_Defaults,Predict_Income_2_Inputs,-4.071256076337928e+23,253759.37152928367,1.0374021535156048e+27,"[4, 4, 1]",Binary Cross-Entropy with Logits,LeakyReLU,None,LeCun,WIP,1e-08,23,Gradient Explosion,Regression,30,599059
2025-06-05T18:25:44.821015,45,0.815146,All_Defaults,Predict_Income_2_Inputs,0.018215869372117943,254764.90848186202,254764.90848186202,"[4, 4, 1]",Binary Cross-Entropy with Logits,LeakyReLU,None,Normal Random,WIP,1e-09,100,Did Not Converge,Regression,30,599059
2025-06-05T18:25:46.515197,46,0.759716,All_Defaults,Predict_Income_2_Inputs,-2.564351703663963e+28,250620.63788368777,6.534258542993192e+31,"[4, 4, 1]",Binary Cross-Entropy with Logits,LeakyReLU,None,Small Random,WIP,1e-08,92,Gradient Explosion,Regression,30,599059
2025-06-05T18:25:48.589264,47,1.076394,All_Defaults,Predict_Income_2_Inputs,0.0019115384066514807,254806.45376355902,254806.45376355902,"[4, 4, 1]",Binary Cross-Entropy with Logits,LeakyReLU,None,Uniform Random,WIP,1e-09,100,Did Not Converge,Regression,30,599059
2025-06-05T18:25:51.300519,48,1.263529,All_Defaults,Predict_Income_2_Inputs,0.03765065851405458,254715.38643822013,254715.38643822013,"[4, 4, 1]",Binary Cross-Entropy with Logits,LeakyReLU,None,Xavier (Glorot),WIP,1e-09,100,Did Not Converge,Regression,30,599059
2025-06-05T18:25:52.688987,49,0.512794,All_Defaults,Predict_Income_2_Inputs,-1.988415969028494e+18,115005.07988912676,5.066709068839618e+21,"[4, 4, 1]",Binary Cross-Entropy with Logits,None,None,He (Kaiming),WIP,1e-09,83,Gradient Explosion,Regression,30,599059
2025-06-05T18:25:53.882345,50,0.751189,All_Defaults,Predict_Income_2_Inputs,-1929375032.026022,2731156980253.364,4916266330030.563,"[4, 4, 1]",Binary Cross-Entropy with Logits,None,None,Large Random,WIP,1.0000000000000005e-14,100,Did Not Converge,Regression,30,599059
2025-06-05T18:25:55.079221,51,0.50586,All_Defaults,Predict_Income_2_Inputs,-2.5952627596413478e+26,173201.20358811106,6.6130234141708e+29,"[4, 4, 1]",Binary Cross-Entropy with Logits,None,None,Xavier Kill ReLU,WIP,1e-09,85,Gradient Explosion,Regression,30,599059
2025-06-05T18:25:56.270704,52,0.52125,All_Defaults,Predict_Income_2_Inputs,0.224093153583671,254240.30984695346,254240.30984695346,"[4, 4, 1]",Binary Cross-Entropy with Logits,None,None,LeCun,WIP,1e-09,100,Did Not Converge,Regression,30,599059
2025-06-05T18:25:57.208879,53,0.311624,All_Defaults,Predict_Income_2_Inputs,-4.80780964790615e+25,119555.5666516066,1.2250843447109543e+29,"[4, 4, 1]",Binary Cross-Entropy with Logits,None,None,Normal Random,WIP,1e-09,61,Gradient Explosion,Regression,30,599059
2025-06-05T18:25:58.280042,54,0.431064,All_Defaults,Predict_Income_2_Inputs,-2.3019254396781997e+22,227785.71947138367,5.865566703685543e+25,"[4, 4, 1]",Binary Cross-Entropy with Logits,None,None,Small Random,WIP,1e-08,79,Gradient Explosion,Regression,30,599059
2025-06-05T18:25:59.492863,55,0.57416,All_Defaults,Predict_Income_2_Inputs,0.01391624828305238,254775.864403311,254775.864403311,"[4, 4, 1]",Binary Cross-Entropy with Logits,None,None,Uniform Random,WIP,1e-09,100,Did Not Converge,Regression,30,599059
2025-06-05T18:26:00.895506,56,0.677129,All_Defaults,Predict_Income_2_Inputs,60.209679679510806,101390.24226322077,101390.24226322077,"[4, 4, 1]",Binary Cross-Entropy with Logits,None,None,Xavier (Glorot),WIP,1e-09,100,Did Not Converge,Regression,30,599059
2025-06-05T18:26:01.163006,57,0.00691,All_Defaults,Predict_Income_2_Inputs,-3.3185491994434224e+16,8.45603917193724e+19,8.45603917193724e+19,"[4, 4, 1]",Binary Cross-Entropy with Logits,ReLU,None,He (Kaiming),WIP,1e-06,1,Gradient Explosion,Regression,30,599059
2025-06-05T18:26:01.248918,58,0.00432,All_Defaults,Predict_Income_2_Inputs,-1.9810332179570532e+16,5.047896983044068e+19,5.047896983044068e+19,"[4, 4, 1]",Binary Cross-Entropy with Logits,ReLU,None,Large Random,WIP,1e-06,1,Gradient Explosion,Regression,30,599059
2025-06-05T18:26:02.968503,59,0.679935,All_Defaults,Predict_Income_2_Inputs,-98.42386436567585,116742.64871078717,505606.47707278864,"[4, 4, 1]",Binary Cross-Entropy with Logits,ReLU,None,Xavier Kill ReLU,WIP,0.001,100,Did Not Converge,Regression,30,599059
2025-06-05T18:26:03.847848,60,0.149844,All_Defaults,Predict_Income_2_Inputs,-1.28527187376261e+27,253964.17600995066,3.2750182859873153e+30,"[4, 4, 1]",Binary Cross-Entropy with Logits,ReLU,None,LeCun,WIP,1e-08,23,Gradient Explosion,Regression,30,599059
2025-06-05T18:26:05.351289,61,0.683308,All_Defaults,Predict_Income_2_Inputs,0.016734040198940203,254768.6843504062,254768.6843504062,"[4, 4, 1]",Binary Cross-Entropy with Logits,ReLU,None,Normal Random,WIP,1e-09,100,Did Not Converge,Regression,30,599059
2025-06-05T18:26:06.838988,62,0.664445,All_Defaults,Predict_Income_2_Inputs,-2.214907608255049e+27,250658.5872560389,5.643835414815515e+30,"[4, 4, 1]",Binary Cross-Entropy with Logits,ReLU,None,Small Random,WIP,1e-08,92,Gradient Explosion,Regression,30,599059
2025-06-05T18:26:08.649486,63,0.907589,All_Defaults,Predict_Income_2_Inputs,0.0019238453311642978,254806.42240412164,254806.42240412164,"[4, 4, 1]",Binary Cross-Entropy with Logits,ReLU,None,Uniform Random,WIP,1e-09,100,Did Not Converge,Regression,30,599059
2025-06-05T18:26:10.748404,64,1.028297,All_Defaults,Predict_Income_2_Inputs,0.0385042568988081,254713.21137286935,254713.21137286935,"[4, 4, 1]",Binary Cross-Entropy with Logits,ReLU,None,Xavier (Glorot),WIP,1e-09,100,Did Not Converge,Regression,30,599059
2025-06-05T18:26:12.711339,65,0.75643,All_Defaults,Predict_Income_2_Inputs,-396.805294719099,116659.97581963764,1265916.1520567767,"[4, 4, 1]",Binary Cross-Entropy with Logits,Sigmoid,None,He (Kaiming),WIP,0.001,100,Did Not Converge,Regression,30,599059
2025-06-05T18:26:14.595016,66,0.85678,All_Defaults,Predict_Income_2_Inputs,-400.4664822152108,116659.97581963762,1275245.2724109725,"[4, 4, 1]",Binary Cross-Entropy with Logits,Sigmoid,None,Large Random,WIP,0.001,100,Did Not Converge,Regression,30,599059
2025-06-05T18:26:16.535369,67,0.672018,All_Defaults,Predict_Income_2_Inputs,-98.42386442975103,116742.6487107872,505606.4772360595,"[4, 4, 1]",Binary Cross-Entropy with Logits,Sigmoid,None,Xavier Kill ReLU,WIP,0.001,100,Did Not Converge,Regression,30,599059
2025-06-05T18:26:17.944178,68,0.557212,All_Defaults,Predict_Income_2_Inputs,-396.79827529294005,116659.97581963762,1265898.2657640032,"[4, 4, 1]",Binary Cross-Entropy with Logits,Sigmoid,None,LeCun,WIP,0.001,100,Did Not Converge,Regression,30,599059
2025-06-05T18:26:19.765937,69,0.782365,All_Defaults,Predict_Income_2_Inputs,-396.80987148723415,116659.97581963762,1265927.8141802847,"[4, 4, 1]",Binary Cross-Entropy with Logits,Sigmoid,None,Normal Random,WIP,0.001,100,Did Not Converge,Regression,30,599059
2025-06-05T18:26:21.527781,70,0.644967,All_Defaults,Predict_Income_2_Inputs,38.433452042412,116783.98515636194,156878.53634884497,"[4, 4, 1]",Binary Cross-Entropy with Logits,Sigmoid,None,Small Random,WIP,9.999999999999999e-05,100,Did Not Converge,Regression,30,599059
2025-06-05T18:26:23.161619,71,0.627449,All_Defaults,Predict_Income_2_Inputs,49.992254053548244,116792.25244506815,127425.3998387014,"[4, 4, 1]",Binary Cross-Entropy with Logits,Sigmoid,None,Uniform Random,WIP,9.999999999999999e-05,100,Did Not Converge,Regression,30,599059
2025-06-05T18:26:24.589960,72,0.608089,All_Defaults,Predict_Income_2_Inputs,49.99191117400474,116792.252446592,127426.27353460791,"[4, 4, 1]",Binary Cross-Entropy with Logits,Sigmoid,None,Xavier (Glorot),WIP,9.999999999999999e-05,100,Did Not Converge,Regression,30,599059
2025-06-05T18:26:26.140137,73,0.642853,All_Defaults,Predict_Income_2_Inputs,38.42902457578787,116783.98515636194,156889.81803519523,"[4, 4, 1]",Binary Cross-Entropy with Logits,Tanh,None,He (Kaiming),WIP,9.999999999999999e-05,100,Did Not Converge,Regression,30,599059
2025-06-05T18:26:27.542953,74,0.584534,All_Defaults,Predict_Income_2_Inputs,29.477653901142244,116783.98515636194,179698.92421931584,"[4, 4, 1]",Binary Cross-Entropy with Logits,Tanh,None,Large Random,WIP,9.999999999999999e-05,100,Did Not Converge,Regression,30,599059
2025-06-05T18:26:28.924591,75,0.548979,All_Defaults,Predict_Income_2_Inputs,38.409613227242254,116783.98515636194,156939.28034954314,"[4, 4, 1]",Binary Cross-Entropy with Logits,Tanh,None,Xavier Kill ReLU,WIP,9.999999999999999e-05,100,Did Not Converge,Regression,30,599059
2025-06-05T18:26:30.723937,76,0.695471,All_Defaults,Predict_Income_2_Inputs,38.457208358790474,116783.98515636196,156818.00256440957,"[4, 4, 1]",Binary Cross-Entropy with Logits,Tanh,None,LeCun,WIP,9.999999999999999e-05,100,Did Not Converge,Regression,30,599059
2025-06-05T18:26:32.193357,77,0.629134,All_Defaults,Predict_Income_2_Inputs,38.42739571020742,116783.98515636193,156893.9685691564,"[4, 4, 1]",Binary Cross-Entropy with Logits,Tanh,None,Normal Random,WIP,9.999999999999999e-05,100,Did Not Converge,Regression,30,599059
2025-06-05T18:26:33.653786,78,0.604367,All_Defaults,Predict_Income_2_Inputs,38.505412824150866,116783.98515636193,156695.1721277181,"[4, 4, 1]",Binary Cross-Entropy with Logits,Tanh,None,Small Random,WIP,9.999999999999999e-05,100,Did Not Converge,Regression,30,599059
2025-06-05T18:26:35.139439,79,0.702857,All_Defaults,Predict_Income_2_Inputs,38.45415668783555,116783.98515636194,156825.77856759162,"[4, 4, 1]",Binary Cross-Entropy with Logits,Tanh,None,Uniform Random,WIP,9.999999999999999e-05,100,Did Not Converge,Regression,30,599059
2025-06-05T18:26:36.643194,80,0.580481,All_Defaults,Predict_Income_2_Inputs,38.43345986152594,116783.98515636194,156878.51642485714,"[4, 4, 1]",Binary Cross-Entropy with Logits,Tanh,None,Xavier (Glorot),WIP,9.999999999999999e-05,100,Did Not Converge,Regression,30,599059
2025-06-05T18:26:38.295310,81,0.834662,All_Defaults,Predict_Income_2_Inputs,99.98546388596218,37.039664722207334,37.039664722207334,"[4, 4, 1]",Half Wit Error,LeakyReLU,None,He (Kaiming),WIP,1e-08,100,Did Not Converge,Regression,30,599059
2025-06-05T18:26:38.484904,82,0.004393,All_Defaults,Predict_Income_2_Inputs,-7.887822314024456e+16,2.0099064518874097e+20,2.0099064518874097e+20,"[4, 4, 1]",Half Wit Error,LeakyReLU,None,Large Random,WIP,1.0000000000000003e-11,1,Gradient Explosion,Regression,30,599059
2025-06-05T18:26:40.502944,83,1.056493,All_Defaults,Predict_Income_2_Inputs,98.79150809989898,3079.374218088104,3079.374218088104,"[4, 4, 1]",Half Wit Error,LeakyReLU,None,Xavier Kill ReLU,WIP,1e-07,100,Did Not Converge,Regression,30,599059
2025-06-05T18:26:42.635434,84,1.043384,All_Defaults,Predict_Income_2_Inputs,99.99135806391011,22.020631819964667,22.020631819964667,"[4, 4, 1]",Half Wit Error,LeakyReLU,None,LeCun,WIP,1e-08,100,Did Not Converge,Regression,30,599059
2025-06-05T18:26:44.362259,85,0.831906,All_Defaults,Predict_Income_2_Inputs,99.98301075513166,43.29051988513699,43.29051988513699,"[4, 4, 1]",Half Wit Error,LeakyReLU,None,Normal Random,WIP,1e-08,100,Did Not Converge,Regression,30,599059
2025-06-05T18:26:46.082053,86,0.812099,All_Defaults,Predict_Income_2_Inputs,99.99999999999982,4.945225858440002e-10,4.945225858440002e-10,"[4, 4, 1]",Half Wit Error,LeakyReLU,None,Small Random,WIP,1e-08,100,Did Not Converge,Regression,30,599059
2025-06-05T18:26:47.852440,87,0.807139,All_Defaults,Predict_Income_2_Inputs,99.99756316459028,6.193034695618795,6.209332585342539,"[4, 4, 1]",Half Wit Error,LeakyReLU,None,Uniform Random,WIP,1e-08,100,Did Not Converge,Regression,30,599059
2025-06-05T18:26:49.491938,88,0.814476,All_Defaults,Predict_Income_2_Inputs,99.99316169369274,17.424778880352825,17.424778880352825,"[4, 4, 1]",Half Wit Error,LeakyReLU,None,Xavier (Glorot),WIP,1e-08,100,Did Not Converge,Regression,30,599059
2025-06-05T18:26:50.525890,89,0.503887,All_Defaults,Predict_Income_2_Inputs,99.99999999999999,1.4794447148839632e-11,1.9402553637822468e-11,"[4, 4, 1]",Half Wit Error,None,None,He (Kaiming),WIP,1e-08,100,Did Not Converge,Regression,30,599059
2025-06-05T18:26:50.713003,90,0.004128,All_Defaults,Predict_Income_2_Inputs,-1.8498010829019753e+18,4.713502641435725e+21,4.713502641435725e+21,"[4, 4, 1]",Half Wit Error,None,None,Large Random,WIP,1.0000000000000004e-13,1,Gradient Explosion,Regression,30,599059
2025-06-05T18:26:51.740640,91,0.473321,All_Defaults,Predict_Income_2_Inputs,99.99999999999997,2.013014939924081e-11,5.4327150185902914e-11,"[4, 4, 1]",Half Wit Error,None,None,Xavier Kill ReLU,WIP,1e-08,100,Did Not Converge,Regression,30,599059
2025-06-05T18:26:52.797024,92,0.478647,All_Defaults,Predict_Income_2_Inputs,99.99999999999999,1.3096723705530167e-11,2.037268131971359e-11,"[4, 4, 1]",Half Wit Error,None,None,LeCun,WIP,1e-08,100,Did Not Converge,Regression,30,599059
2025-06-05T18:26:53.871824,93,0.48707,All_Defaults,Predict_Income_2_Inputs,99.99999999999999,2.4495723967750867e-11,3.9047639196117716e-11,"[4, 4, 1]",Half Wit Error,None,None,Normal Random,WIP,1e-08,100,Did Not Converge,Regression,30,599059
2025-06-05T18:26:55.009494,94,0.536612,All_Defaults,Predict_Income_2_Inputs,99.99999999999997,2.304053244491418e-11,4.486840528746446e-11,"[4, 4, 1]",Half Wit Error,None,None,Small Random,WIP,1e-08,100,Did Not Converge,Regression,30,599059
2025-06-05T18:26:56.098624,95,0.538376,All_Defaults,Predict_Income_2_Inputs,99.99999999999999,2.0857745160659154e-11,3.055902197957039e-11,"[4, 4, 1]",Half Wit Error,None,None,Uniform Random,WIP,1e-08,100,Did Not Converge,Regression,30,599059
2025-06-05T18:26:57.151501,96,0.518555,All_Defaults,Predict_Income_2_Inputs,99.99999999999999,1.6492170592149098e-11,2.6193447411060334e-11,"[4, 4, 1]",Half Wit Error,None,None,Xavier (Glorot),WIP,1e-08,100,Did Not Converge,Regression,30,599059
2025-06-05T18:26:59.200333,97,0.677026,All_Defaults,Predict_Income_2_Inputs,99.98298336255415,43.360319274750026,43.360319274750026,"[4, 4, 1]",Half Wit Error,ReLU,None,He (Kaiming),WIP,1e-08,100,Did Not Converge,Regression,30,599059
2025-06-05T18:27:00.525089,98,0.714898,All_Defaults,Predict_Income_2_Inputs,34.313096415105605,167377.66910018653,167377.66910018653,"[4, 4, 1]",Half Wit Error,ReLU,None,Large Random,WIP,1.0000000000000004e-13,100,Did Not Converge,Regression,30,599059
2025-06-05T18:27:02.205904,99,0.694707,All_Defaults,Predict_Income_2_Inputs,53.02306748672648,116925.13358949382,119702.5439840746,"[4, 4, 1]",Half Wit Error,ReLU,None,Xavier Kill ReLU,WIP,0.01,100,Did Not Converge,Regression,30,599059
2025-06-05T18:27:04.165637,100,0.763854,All_Defaults,Predict_Income_2_Inputs,2.9307516908938513,247343.43737617863,247343.43737617863,"[4, 4, 1]",Half Wit Error,ReLU,None,LeCun,WIP,9.999999999999999e-06,100,Did Not Converge,Regression,30,599059
2025-06-05T18:27:05.916274,101,0.698154,All_Defaults,Predict_Income_2_Inputs,52.135589669756286,121963.93796484909,121963.93796484909,"[4, 4, 1]",Half Wit Error,ReLU,None,Normal Random,WIP,0.1,100,Did Not Converge,Regression,30,599059
2025-06-05T18:27:07.829146,102,0.705946,All_Defaults,Predict_Income_2_Inputs,53.845369444677175,116830.54250600377,117607.22547297405,"[4, 4, 1]",Half Wit Error,ReLU,None,Small Random,WIP,0.001,100,Did Not Converge,Regression,30,599059
2025-06-05T18:27:09.596996,103,0.635777,All_Defaults,Predict_Income_2_Inputs,99.99719259548529,7.153584630255015,7.153584630255015,"[4, 4, 1]",Half Wit Error,ReLU,None,Uniform Random,WIP,1e-08,100,Did Not Converge,Regression,30,599059
2025-06-05T18:27:11.547653,104,0.822181,All_Defaults,Predict_Income_2_Inputs,99.99351508310573,16.524302636200932,16.524302636200932,"[4, 4, 1]",Half Wit Error,ReLU,None,Xavier (Glorot),WIP,1e-08,100,Did Not Converge,Regression,30,599059
2025-06-05T18:27:12.931467,105,0.56013,All_Defaults,Predict_Income_2_Inputs,52.87677645132863,117154.85208153691,120075.3101091135,"[4, 4, 1]",Half Wit Error,Sigmoid,None,He (Kaiming),WIP,0.01,100,Did Not Converge,Regression,30,599059
2025-06-05T18:27:14.355905,106,0.596238,All_Defaults,Predict_Income_2_Inputs,52.876776451328645,117123.3447587698,120075.31010911349,"[4, 4, 1]",Half Wit Error,Sigmoid,None,Large Random,WIP,0.01,100,Did Not Converge,Regression,30,599059
2025-06-05T18:27:15.827325,107,0.696121,All_Defaults,Predict_Income_2_Inputs,53.02306748672648,116925.1335960749,119702.5439840746,"[4, 4, 1]",Half Wit Error,Sigmoid,None,Xavier Kill ReLU,WIP,0.01,100,Did Not Converge,Regression,30,599059
2025-06-05T18:27:17.352457,108,0.563758,All_Defaults,Predict_Income_2_Inputs,52.87677645132863,117154.78155918437,120075.3101091135,"[4, 4, 1]",Half Wit Error,Sigmoid,None,LeCun,WIP,0.01,100,Did Not Converge,Regression,30,599059
2025-06-05T18:27:18.915738,109,0.621753,All_Defaults,Predict_Income_2_Inputs,52.87677645132863,117154.89813557587,120075.3101091135,"[4, 4, 1]",Half Wit Error,Sigmoid,None,Normal Random,WIP,0.01,100,Did Not Converge,Regression,30,599059
2025-06-05T18:27:20.313386,110,0.542776,All_Defaults,Predict_Income_2_Inputs,53.101782723459,116859.03470620354,119501.96864671029,"[4, 4, 1]",Half Wit Error,Sigmoid,None,Small Random,WIP,0.001,100,Did Not Converge,Regression,30,599059
2025-06-05T18:27:21.686964,111,0.570791,All_Defaults,Predict_Income_2_Inputs,53.11805620841093,116854.45343235298,119460.50196414896,"[4, 4, 1]",Half Wit Error,Sigmoid,None,Uniform Random,WIP,0.001,100,Did Not Converge,Regression,30,599059
2025-06-05T18:27:23.004703,112,0.54735,All_Defaults,Predict_Income_2_Inputs,53.11805619386588,116854.46627005779,119460.50200121138,"[4, 4, 1]",Half Wit Error,Sigmoid,None,Xavier (Glorot),WIP,0.001,100,Did Not Converge,Regression,30,599059
2025-06-05T18:27:24.320495,113,0.51219,All_Defaults,Predict_Income_2_Inputs,70.72865381419071,55885.115297148375,74586.7049384266,"[4, 4, 1]",Half Wit Error,Tanh,None,He (Kaiming),WIP,0.1,100,Did Not Converge,Regression,30,599059
2025-06-05T18:27:26.065935,114,0.721285,All_Defaults,Predict_Income_2_Inputs,73.929671934184,59292.009930922344,66430.1482668293,"[4, 4, 1]",Half Wit Error,Tanh,None,Large Random,WIP,0.1,100,Did Not Converge,Regression,30,599059
2025-06-05T18:27:27.743464,115,0.659791,All_Defaults,Predict_Income_2_Inputs,74.24061318623896,58455.58859144176,65637.83474380276,"[4, 4, 1]",Half Wit Error,Tanh,None,Xavier Kill ReLU,WIP,0.1,100,Did Not Converge,Regression,30,599059
2025-06-05T18:27:29.311795,116,0.629196,All_Defaults,Predict_Income_2_Inputs,75.70179980015982,60054.51831694226,61914.56577828694,"[4, 4, 1]",Half Wit Error,Tanh,None,LeCun,WIP,0.1,100,Did Not Converge,Regression,30,599059
2025-06-05T18:27:30.693805,117,0.567737,All_Defaults,Predict_Income_2_Inputs,73.65787120333867,59114.33290344901,67122.72730931411,"[4, 4, 1]",Half Wit Error,Tanh,None,Normal Random,WIP,0.1,100,Did Not Converge,Regression,30,599059
2025-06-05T18:27:32.133640,118,0.537577,All_Defaults,Predict_Income_2_Inputs,74.81430517865944,58872.694953465834,64176.00257890739,"[4, 4, 1]",Half Wit Error,Tanh,None,Small Random,WIP,0.1,100,Did Not Converge,Regression,30,599059
2025-06-05T18:27:33.513890,119,0.571283,All_Defaults,Predict_Income_2_Inputs,74.10741231989397,56886.67536505576,65977.24563568832,"[4, 4, 1]",Half Wit Error,Tanh,None,Uniform Random,WIP,0.1,100,Did Not Converge,Regression,30,599059
2025-06-05T18:27:34.853383,120,0.515676,All_Defaults,Predict_Income_2_Inputs,73.94398412879062,60021.23862944829,66393.67917417575,"[4, 4, 1]",Half Wit Error,Tanh,None,Xavier (Glorot),WIP,0.1,100,Did Not Converge,Regression,30,599059
2025-06-05T18:27:36.837597,121,0.834331,All_Defaults,Predict_Income_2_Inputs,nan,75915.42446627213,nan,"[4, 4, 1]",Hinge Loss,LeakyReLU,Tanh,He (Kaiming),WIP,0.01,100,Did Not Converge,Regression,30,599059
2025-06-05T18:27:38.447352,122,0.833295,All_Defaults,Predict_Income_2_Inputs,nan,111481.72620583783,nan,"[4, 4, 1]",Hinge Loss,LeakyReLU,Tanh,Large Random,WIP,1e-06,100,Did Not Converge,Regression,30,599059
2025-06-05T18:27:40.364459,123,0.80112,All_Defaults,Predict_Income_2_Inputs,52.85775808940143,120123.7710490536,120123.7710490536,"[4, 4, 1]",Hinge Loss,LeakyReLU,Tanh,Xavier Kill ReLU,WIP,0.1,100,Did Not Converge,Regression,30,599059
2025-06-05T18:27:42.326763,124,0.843498,All_Defaults,Predict_Income_2_Inputs,nan,62099.55321839566,nan,"[4, 4, 1]",Hinge Loss,LeakyReLU,Tanh,LeCun,WIP,0.01,100,Did Not Converge,Regression,30,599059
2025-06-05T18:27:44.298032,125,0.844362,All_Defaults,Predict_Income_2_Inputs,nan,90324.5174515546,nan,"[4, 4, 1]",Hinge Loss,LeakyReLU,Tanh,Normal Random,WIP,0.01,100,Did Not Converge,Regression,30,599059
2025-06-05T18:27:46.288087,126,0.823387,All_Defaults,Predict_Income_2_Inputs,54.02662779370482,117145.35867290506,117145.35867290506,"[4, 4, 1]",Hinge Loss,LeakyReLU,Tanh,Small Random,WIP,0.01,100,Did Not Converge,Regression,30,599059
2025-06-05T18:27:48.330325,127,0.83304,All_Defaults,Predict_Income_2_Inputs,nan,72248.08673720862,nan,"[4, 4, 1]",Hinge Loss,LeakyReLU,Tanh,Uniform Random,WIP,0.01,100,Did Not Converge,Regression,30,599059
2025-06-05T18:27:50.305307,128,0.797537,All_Defaults,Predict_Income_2_Inputs,nan,91484.7954586926,nan,"[4, 4, 1]",Hinge Loss,LeakyReLU,Tanh,Xavier (Glorot),WIP,0.01,100,Did Not Converge,Regression,30,599059
2025-06-05T18:27:51.680961,129,0.570747,All_Defaults,Predict_Income_2_Inputs,62.02485208082119,73570.88109933859,96764.97742403315,"[4, 4, 1]",Hinge Loss,None,Tanh,He (Kaiming),WIP,0.001,100,Did Not Converge,Regression,30,599059
2025-06-05T18:27:52.828161,130,0.565518,All_Defaults,Predict_Income_2_Inputs,nan,111481.72620583783,nan,"[4, 4, 1]",Hinge Loss,None,Tanh,Large Random,WIP,1e-06,100,Did Not Converge,Regression,30,599059
2025-06-05T18:27:54.899217,131,0.807601,All_Defaults,Predict_Income_2_Inputs,44.814609582867924,82266.60873169581,140618.6242964795,"[4, 4, 1]",Hinge Loss,None,Tanh,Xavier Kill ReLU,WIP,0.001,100,Did Not Converge,Regression,30,599059
2025-06-05T18:27:56.542696,132,0.565218,All_Defaults,Predict_Income_2_Inputs,66.72313635430798,52610.611961429946,84793.21703423267,"[4, 4, 1]",Hinge Loss,None,Tanh,LeCun,WIP,0.001,100,Did Not Converge,Regression,30,599059
2025-06-05T18:27:57.838680,133,0.541847,All_Defaults,Predict_Income_2_Inputs,60.50486727499995,90854.12890126185,100638.07084115937,"[4, 4, 1]",Hinge Loss,None,Tanh,Normal Random,WIP,0.001,100,Did Not Converge,Regression,30,599059
2025-06-05T18:27:59.277784,134,0.639759,All_Defaults,Predict_Income_2_Inputs,54.02648086222166,117145.73307096354,117145.73307096354,"[4, 4, 1]",Hinge Loss,None,Tanh,Small Random,WIP,0.01,100,Did Not Converge,Regression,30,599059
2025-06-05T18:28:00.803093,135,0.64315,All_Defaults,Predict_Income_2_Inputs,nan,89142.22702032451,nan,"[4, 4, 1]",Hinge Loss,None,Tanh,Uniform Random,WIP,0.01,100,Did Not Converge,Regression,30,599059
2025-06-05T18:28:02.855511,136,0.768109,All_Defaults,Predict_Income_2_Inputs,nan,106176.27348050935,nan,"[4, 4, 1]",Hinge Loss,None,Tanh,Xavier (Glorot),WIP,0.01,100,Did Not Converge,Regression,30,599059
2025-06-05T18:28:04.796385,137,0.760918,All_Defaults,Predict_Income_2_Inputs,53.28314263397785,75704.04287827127,119039.84305646027,"[4, 4, 1]",Hinge Loss,ReLU,Tanh,He (Kaiming),WIP,0.01,100,Did Not Converge,Regression,30,599059
2025-06-05T18:28:06.212626,138,0.754696,All_Defaults,Predict_Income_2_Inputs,47.63962978062962,111481.72620583783,133420.1529109134,"[4, 4, 1]",Hinge Loss,ReLU,Tanh,Large Random,WIP,1e-06,100,Did Not Converge,Regression,30,599059
2025-06-05T18:28:08.162644,139,0.731442,All_Defaults,Predict_Income_2_Inputs,53.06066565817389,119606.73958539162,119606.73958539164,"[4, 4, 1]",Hinge Loss,ReLU,Tanh,Xavier Kill ReLU,WIP,0.1,100,Did Not Converge,Regression,30,599059
2025-06-05T18:28:10.250563,140,0.796933,All_Defaults,Predict_Income_2_Inputs,25.275007695866968,62347.23069094547,190407.74268238439,"[4, 4, 1]",Hinge Loss,ReLU,Tanh,LeCun,WIP,0.01,100,Did Not Converge,Regression,30,599059
2025-06-05T18:28:12.460451,141,0.860218,All_Defaults,Predict_Income_2_Inputs,54.02523323189108,90589.9908567788,117148.91217433472,"[4, 4, 1]",Hinge Loss,ReLU,Tanh,Normal Random,WIP,0.01,100,Did Not Converge,Regression,30,599059
2025-06-05T18:28:14.190785,142,0.663488,All_Defaults,Predict_Income_2_Inputs,54.02663268049033,117145.34622082216,117145.34622082216,"[4, 4, 1]",Hinge Loss,ReLU,Tanh,Small Random,WIP,0.01,100,Did Not Converge,Regression,30,599059
2025-06-05T18:28:15.895307,143,0.710106,All_Defaults,Predict_Income_2_Inputs,18.91578173574009,71850.04107182939,206611.7705844121,"[4, 4, 1]",Hinge Loss,ReLU,Tanh,Uniform Random,WIP,0.01,100,Did Not Converge,Regression,30,599059
2025-06-05T18:28:17.555343,144,0.667481,All_Defaults,Predict_Income_2_Inputs,54.5685756291278,90907.12672884675,115764.41421493169,"[4, 4, 1]",Hinge Loss,ReLU,Tanh,Xavier (Glorot),WIP,0.01,100,Did Not Converge,Regression,30,599059
2025-06-05T18:28:19.048519,145,0.678758,All_Defaults,Predict_Income_2_Inputs,58.869527331760516,45487.0985886893,104805.10221191184,"[4, 4, 1]",Hinge Loss,Sigmoid,Tanh,He (Kaiming),WIP,0.1,100,Did Not Converge,Regression,30,599059
2025-06-05T18:28:20.630432,146,0.616855,All_Defaults,Predict_Income_2_Inputs,2.7706357441147467,247751.4309410301,247751.4309410301,"[4, 4, 1]",Hinge Loss,Sigmoid,Tanh,Large Random,WIP,0.001,100,Did Not Converge,Regression,30,599059
2025-06-05T18:28:22.535579,147,0.968471,All_Defaults,Predict_Income_2_Inputs,58.184898808280174,61796.67448342573,106549.61322104387,"[4, 4, 1]",Hinge Loss,Sigmoid,Tanh,Xavier Kill ReLU,WIP,0.1,100,Did Not Converge,Regression,30,599059
2025-06-05T18:28:24.206920,148,0.666731,All_Defaults,Predict_Income_2_Inputs,59.009791167451986,42802.91487789572,104447.69407427983,"[4, 4, 1]",Hinge Loss,Sigmoid,Tanh,LeCun,WIP,0.1,100,Did Not Converge,Regression,30,599059
2025-06-05T18:28:25.729295,149,0.593991,All_Defaults,Predict_Income_2_Inputs,58.83600132096697,46817.93368101833,104890.53028409366,"[4, 4, 1]",Hinge Loss,Sigmoid,Tanh,Normal Random,WIP,0.1,100,Did Not Converge,Regression,30,599059
2025-06-05T18:28:27.629479,150,0.951581,All_Defaults,Predict_Income_2_Inputs,53.90858659907237,117446.14100449793,117446.14100449793,"[4, 4, 1]",Hinge Loss,Sigmoid,Tanh,Small Random,WIP,0.01,100,Did Not Converge,Regression,30,599059
2025-06-05T18:28:29.214625,151,0.652669,All_Defaults,Predict_Income_2_Inputs,57.979808294186206,50932.2666765262,107072.20707659441,"[4, 4, 1]",Hinge Loss,Sigmoid,Tanh,Uniform Random,WIP,0.1,100,Did Not Converge,Regression,30,599059
2025-06-05T18:28:30.636563,152,0.547002,All_Defaults,Predict_Income_2_Inputs,58.25244050482639,58408.40682960929,106377.5093294307,"[4, 4, 1]",Hinge Loss,Sigmoid,Tanh,Xavier (Glorot),WIP,0.1,100,Did Not Converge,Regression,30,599059
2025-06-05T18:28:32.463493,153,0.857694,All_Defaults,Predict_Income_2_Inputs,68.22368971641465,68800.27870163509,80969.6371362205,"[4, 4, 1]",Hinge Loss,Tanh,Tanh,He (Kaiming),WIP,0.001,100,Did Not Converge,Regression,30,599059
2025-06-05T18:28:34.183845,154,0.647762,All_Defaults,Predict_Income_2_Inputs,54.379766221459725,107280.42500988084,116245.5219675422,"[4, 4, 1]",Hinge Loss,Tanh,Tanh,Large Random,WIP,9.999999999999999e-05,100,Did Not Converge,Regression,30,599059
2025-06-05T18:28:35.943467,155,0.779621,All_Defaults,Predict_Income_2_Inputs,54.379766221459725,98551.76203923686,116245.5219675422,"[4, 4, 1]",Hinge Loss,Tanh,Tanh,Xavier Kill ReLU,WIP,0.1,100,Did Not Converge,Regression,30,599059
2025-06-05T18:28:37.907044,156,0.668831,All_Defaults,Predict_Income_2_Inputs,57.89815473866664,52484.45356472023,107280.26958298037,"[4, 4, 1]",Hinge Loss,Tanh,Tanh,LeCun,WIP,0.01,100,Did Not Converge,Regression,30,599059
2025-06-05T18:28:39.445965,157,0.609835,All_Defaults,Predict_Income_2_Inputs,61.145103661078025,83808.18275064089,99006.67602535138,"[4, 4, 1]",Hinge Loss,Tanh,Tanh,Normal Random,WIP,0.001,100,Did Not Converge,Regression,30,599059
2025-06-05T18:28:40.932524,158,0.612763,All_Defaults,Predict_Income_2_Inputs,54.026480729780204,117145.73340843935,117145.73340843935,"[4, 4, 1]",Hinge Loss,Tanh,Tanh,Small Random,WIP,0.01,100,Did Not Converge,Regression,30,599059
2025-06-05T18:28:42.364910,159,0.558846,All_Defaults,Predict_Income_2_Inputs,57.90840002684462,75849.04531649654,107254.16342846704,"[4, 4, 1]",Hinge Loss,Tanh,Tanh,Uniform Random,WIP,0.01,100,Did Not Converge,Regression,30,599059
2025-06-05T18:28:43.877187,160,0.623128,All_Defaults,Predict_Income_2_Inputs,55.336144358478876,85214.8504790258,113808.56216861117,"[4, 4, 1]",Hinge Loss,Tanh,Tanh,Xavier (Glorot),WIP,0.01,100,Did Not Converge,Regression,30,599059
2025-06-05T18:28:46.250346,161,0.814448,All_Defaults,Predict_Income_2_Inputs,93.20987569548758,15306.970801933447,17302.00568094931,"[4, 4, 1]",Huber Loss,LeakyReLU,None,He (Kaiming),WIP,0.01,100,Did Not Converge,Regression,30,599059
2025-06-05T18:28:48.228091,162,0.828051,All_Defaults,Predict_Income_2_Inputs,-30065.520433099737,76618242.26009496,76865162.18199967,"[4, 4, 1]",Huber Loss,LeakyReLU,None,Large Random,WIP,9.999999999999999e-05,100,Did Not Converge,Regression,30,599059
2025-06-05T18:28:49.638581,163,0.266594,All_Defaults,Predict_Income_2_Inputs,-3.6060551735797916e+27,145874.3986901644,9.18863695288042e+30,"[4, 4, 1]",Huber Loss,LeakyReLU,None,Xavier Kill ReLU,WIP,0.1,35,Gradient Explosion,Regression,30,599059
2025-06-05T18:28:51.998631,164,0.798903,All_Defaults,Predict_Income_2_Inputs,93.01071986861173,15355.363049928881,17809.47728138975,"[4, 4, 1]",Huber Loss,LeakyReLU,None,LeCun,WIP,0.01,100,Did Not Converge,Regression,30,599059
2025-06-05T18:28:54.325488,165,0.806094,All_Defaults,Predict_Income_2_Inputs,93.21529272619324,15670.648254884627,17288.202473255336,"[4, 4, 1]",Huber Loss,LeakyReLU,None,Normal Random,WIP,0.01,100,Did Not Converge,Regression,30,599059
2025-06-05T18:28:56.694913,166,0.813501,All_Defaults,Predict_Income_2_Inputs,78.07928485174199,16146.96998892838,55856.46462666145,"[4, 4, 1]",Huber Loss,LeakyReLU,None,Small Random,WIP,0.01,100,Did Not Converge,Regression,30,599059
2025-06-05T18:28:59.151478,167,0.807401,All_Defaults,Predict_Income_2_Inputs,87.14869811655035,25620.64679149637,32746.57255497879,"[4, 4, 1]",Huber Loss,LeakyReLU,None,Uniform Random,WIP,0.01,100,Did Not Converge,Regression,30,599059
2025-06-05T18:29:01.507458,168,0.836769,All_Defaults,Predict_Income_2_Inputs,93.1364860135249,15465.964230916843,17489.01090166342,"[4, 4, 1]",Huber Loss,LeakyReLU,None,Xavier (Glorot),WIP,0.01,100,Did Not Converge,Regression,30,599059
2025-06-05T18:29:03.021765,169,0.572561,All_Defaults,Predict_Income_2_Inputs,85.46808892673907,33518.61063576712,37028.9550925483,"[4, 4, 1]",Huber Loss,None,None,He (Kaiming),WIP,0.001,100,Did Not Converge,Regression,30,599059
2025-06-05T18:29:04.219944,170,0.551071,All_Defaults,Predict_Income_2_Inputs,-4561.148134109013,11278000.679448223,11877133.301154137,"[4, 4, 1]",Huber Loss,None,None,Large Random,WIP,9.999999999999999e-06,100,Did Not Converge,Regression,30,599059
2025-06-05T18:29:06.099501,171,0.854212,All_Defaults,Predict_Income_2_Inputs,85.42844487531106,32964.77842699305,37129.97262510914,"[4, 4, 1]",Huber Loss,None,None,Xavier Kill ReLU,WIP,0.001,100,Did Not Converge,Regression,30,599059
2025-06-05T18:29:08.168348,172,0.639783,All_Defaults,Predict_Income_2_Inputs,84.679870985545,34542.891469046204,39037.423669081276,"[4, 4, 1]",Huber Loss,None,None,LeCun,WIP,0.001,100,Did Not Converge,Regression,30,599059
2025-06-05T18:29:09.717137,173,0.545726,All_Defaults,Predict_Income_2_Inputs,85.61971461999752,33515.65857659336,36642.59565515299,"[4, 4, 1]",Huber Loss,None,None,Normal Random,WIP,0.001,100,Did Not Converge,Regression,30,599059
2025-06-05T18:29:11.419652,174,0.510279,All_Defaults,Predict_Income_2_Inputs,-0.005623508540697486,254398.01648086452,254825.65391649326,"[4, 4, 1]",Huber Loss,None,None,Small Random,WIP,0.01,100,Did Not Converge,Regression,30,599059
2025-06-05T18:29:12.962056,175,0.552337,All_Defaults,Predict_Income_2_Inputs,85.06240548942343,33759.98037680976,38062.68243277355,"[4, 4, 1]",Huber Loss,None,None,Uniform Random,WIP,0.001,100,Did Not Converge,Regression,30,599059
2025-06-05T18:29:14.527043,176,0.564338,All_Defaults,Predict_Income_2_Inputs,84.99243959670721,33295.274933416185,38240.96345075787,"[4, 4, 1]",Huber Loss,None,None,Xavier (Glorot),WIP,0.001,100,Did Not Converge,Regression,30,599059
2025-06-05T18:29:16.325187,177,0.793955,All_Defaults,Predict_Income_2_Inputs,0.11735674035794341,254512.286315303,254512.286315303,"[4, 4, 1]",Huber Loss,ReLU,None,He (Kaiming),WIP,0.1,100,Did Not Converge,Regression,30,599059
2025-06-05T18:29:18.115819,178,0.681189,All_Defaults,Predict_Income_2_Inputs,0.11705048162112819,254513.06669724692,254513.06669724692,"[4, 4, 1]",Huber Loss,ReLU,None,Large Random,WIP,0.1,100,Did Not Converge,Regression,30,599059
2025-06-05T18:29:19.904788,179,0.770088,All_Defaults,Predict_Income_2_Inputs,0.1167334303098122,254513.87457989287,254513.87457989287,"[4, 4, 1]",Huber Loss,ReLU,None,Xavier Kill ReLU,WIP,0.1,100,Did Not Converge,Regression,30,599059
2025-06-05T18:29:26.869916,180,0.704267,All_Defaults,Predict_Income_2_Inputs,0.1172661331788949,254512.5171926561,254512.5171926561,"[4, 4, 1]",Huber Loss,ReLU,None,LeCun,WIP,0.1,100,Did Not Converge,Regression,30,599059
2025-06-05T18:29:28.386815,181,0.689203,All_Defaults,Predict_Income_2_Inputs,0.11735674035794341,254512.286315303,254512.286315303,"[4, 4, 1]",Huber Loss,ReLU,None,Normal Random,WIP,0.1,100,Did Not Converge,Regression,30,599059
2025-06-05T18:29:29.855415,182,0.626174,All_Defaults,Predict_Income_2_Inputs,0.11705048162112819,254513.06669724692,254513.06669724692,"[4, 4, 1]",Huber Loss,ReLU,None,Small Random,WIP,0.1,100,Did Not Converge,Regression,30,599059
2025-06-05T18:29:31.362663,183,0.646997,All_Defaults,Predict_Income_2_Inputs,0.11733875089362522,254512.33215449532,254512.33215449532,"[4, 4, 1]",Huber Loss,ReLU,None,Uniform Random,WIP,0.1,100,Did Not Converge,Regression,30,599059
2025-06-05T18:29:32.802577,184,0.595974,All_Defaults,Predict_Income_2_Inputs,0.11755204326303614,254511.7886613836,254511.7886613836,"[4, 4, 1]",Huber Loss,ReLU,None,Xavier (Glorot),WIP,0.1,100,Did Not Converge,Regression,30,599059
2025-06-05T18:29:34.050196,185,0.587156,All_Defaults,Predict_Income_2_Inputs,0.5711855480514672,253355.879119094,253355.879119094,"[4, 4, 1]",Huber Loss,Sigmoid,None,He (Kaiming),WIP,0.1,100,Did Not Converge,Regression,30,599059
2025-06-05T18:29:35.329725,186,0.55398,All_Defaults,Predict_Income_2_Inputs,3.119901848703499,246861.4613536189,246861.4613536189,"[4, 4, 1]",Huber Loss,Sigmoid,None,Large Random,WIP,0.1,100,Did Not Converge,Regression,30,599059
2025-06-05T18:29:36.649489,187,0.552986,All_Defaults,Predict_Income_2_Inputs,0.4958259251588326,253547.90397238513,253547.90397238513,"[4, 4, 1]",Huber Loss,Sigmoid,None,Xavier Kill ReLU,WIP,0.1,100,Did Not Converge,Regression,30,599059
2025-06-05T18:29:37.847692,188,0.514428,All_Defaults,Predict_Income_2_Inputs,0.5783975495484484,253337.50212255082,253337.50212255082,"[4, 4, 1]",Huber Loss,Sigmoid,None,LeCun,WIP,0.1,100,Did Not Converge,Regression,30,599059
2025-06-05T18:29:39.043440,189,0.517055,All_Defaults,Predict_Income_2_Inputs,0.49490316659401845,253550.2552657068,253550.2552657068,"[4, 4, 1]",Huber Loss,Sigmoid,None,Normal Random,WIP,0.1,100,Did Not Converge,Regression,30,599059
2025-06-05T18:29:40.254507,190,0.540863,All_Defaults,Predict_Income_2_Inputs,0.5828270686775272,253326.21520618547,253326.21520618547,"[4, 4, 1]",Huber Loss,Sigmoid,None,Small Random,WIP,0.1,100,Did Not Converge,Regression,30,599059
2025-06-05T18:29:41.427399,191,0.481039,All_Defaults,Predict_Income_2_Inputs,0.5817802413538575,253328.88264075498,253328.88264075498,"[4, 4, 1]",Huber Loss,Sigmoid,None,Uniform Random,WIP,0.1,100,Did Not Converge,Regression,30,599059
2025-06-05T18:29:42.630169,192,0.513089,All_Defaults,Predict_Income_2_Inputs,0.5788834011137278,253336.26411774184,253336.26411774184,"[4, 4, 1]",Huber Loss,Sigmoid,None,Xavier (Glorot),WIP,0.1,100,Did Not Converge,Regression,30,599059
2025-06-05T18:29:43.846573,193,0.522778,All_Defaults,Predict_Income_2_Inputs,0.5863367287354149,253317.27219490372,253317.27219490372,"[4, 4, 1]",Huber Loss,Tanh,None,He (Kaiming),WIP,0.1,100,Did Not Converge,Regression,30,599059
2025-06-05T18:29:45.036602,194,0.477405,All_Defaults,Predict_Income_2_Inputs,15.669417117802132,214883.87526807276,214883.87526807276,"[4, 4, 1]",Huber Loss,Tanh,None,Large Random,WIP,0.1,100,Did Not Converge,Regression,30,599059
2025-06-05T18:29:46.353554,195,0.610794,All_Defaults,Predict_Income_2_Inputs,0.5862029588425743,253317.61305573958,253317.61305573958,"[4, 4, 1]",Huber Loss,Tanh,None,Xavier Kill ReLU,WIP,0.1,100,Did Not Converge,Regression,30,599059
2025-06-05T18:29:47.713536,196,0.554115,All_Defaults,Predict_Income_2_Inputs,0.58574524309154,253318.77936730758,253318.77936730758,"[4, 4, 1]",Huber Loss,Tanh,None,LeCun,WIP,0.1,100,Did Not Converge,Regression,30,599059
2025-06-05T18:29:49.107649,197,0.627153,All_Defaults,Predict_Income_2_Inputs,0.5869784071790285,253315.637125562,253315.637125562,"[4, 4, 1]",Huber Loss,Tanh,None,Normal Random,WIP,0.1,100,Did Not Converge,Regression,30,599059
2025-06-05T18:29:50.496165,198,0.630023,All_Defaults,Predict_Income_2_Inputs,0.5782998908270942,253337.75096803225,253337.75096803225,"[4, 4, 1]",Huber Loss,Tanh,None,Small Random,WIP,0.1,100,Did Not Converge,Regression,30,599059
2025-06-05T18:29:51.908231,199,0.586177,All_Defaults,Predict_Income_2_Inputs,0.5852384190260573,253320.07081242214,253320.07081242214,"[4, 4, 1]",Huber Loss,Tanh,None,Uniform Random,WIP,0.1,100,Did Not Converge,Regression,30,599059
2025-06-05T18:29:53.526851,200,0.676094,All_Defaults,Predict_Income_2_Inputs,0.5858435600034517,253318.52884468206,253318.52884468206,"[4, 4, 1]",Huber Loss,Tanh,None,Xavier (Glorot),WIP,0.1,100,Did Not Converge,Regression,30,599059
2025-06-05T18:29:56.052656,201,1.005407,All_Defaults,Predict_Income_2_Inputs,93.20978023659619,15306.969269268298,17302.24892101494,"[4, 4, 1]",Log-Cosh Loss,LeakyReLU,None,He (Kaiming),WIP,0.01,100,Did Not Converge,Regression,30,599059
2025-06-05T18:29:58.544196,202,0.869615,All_Defaults,Predict_Income_2_Inputs,-30065.520433099737,76618242.26009496,76865162.18199967,"[4, 4, 1]",Log-Cosh Loss,LeakyReLU,None,Large Random,WIP,9.999999999999999e-05,100,Did Not Converge,Regression,30,599059
2025-06-05T18:29:59.915250,203,0.273254,All_Defaults,Predict_Income_2_Inputs,-3.6060551735797916e+27,145874.3986901644,9.18863695288042e+30,"[4, 4, 1]",Log-Cosh Loss,LeakyReLU,None,Xavier Kill ReLU,WIP,0.1,35,Gradient Explosion,Regression,30,599059
2025-06-05T18:30:02.398344,204,0.915699,All_Defaults,Predict_Income_2_Inputs,93.0107198686154,15355.363049928881,17809.47728138039,"[4, 4, 1]",Log-Cosh Loss,LeakyReLU,None,LeCun,WIP,0.01,100,Did Not Converge,Regression,30,599059
2025-06-05T18:30:04.795047,205,0.777357,All_Defaults,Predict_Income_2_Inputs,93.14512393715731,15611.754490527699,17467.000494039457,"[4, 4, 1]",Log-Cosh Loss,LeakyReLU,None,Normal Random,WIP,0.01,100,Did Not Converge,Regression,30,599059
2025-06-05T18:30:07.199792,206,0.886776,All_Defaults,Predict_Income_2_Inputs,78.07928485174199,16146.96998892838,55856.46462666145,"[4, 4, 1]",Log-Cosh Loss,LeakyReLU,None,Small Random,WIP,0.01,100,Did Not Converge,Regression,30,599059
2025-06-05T18:30:09.485094,207,0.849962,All_Defaults,Predict_Income_2_Inputs,87.91617135902912,25614.361174296573,30790.963820022345,"[4, 4, 1]",Log-Cosh Loss,LeakyReLU,None,Uniform Random,WIP,0.01,100,Did Not Converge,Regression,30,599059
2025-06-05T18:30:12.019171,208,0.957731,All_Defaults,Predict_Income_2_Inputs,93.13648557477615,15465.964230916843,17489.012019644902,"[4, 4, 1]",Log-Cosh Loss,LeakyReLU,None,Xavier (Glorot),WIP,0.01,100,Did Not Converge,Regression,30,599059
2025-06-05T18:30:13.699820,209,0.570194,All_Defaults,Predict_Income_2_Inputs,85.46808892673907,33518.61063576712,37028.9550925483,"[4, 4, 1]",Log-Cosh Loss,None,None,He (Kaiming),WIP,0.001,100,Did Not Converge,Regression,30,599059
2025-06-05T18:30:14.839501,210,0.549812,All_Defaults,Predict_Income_2_Inputs,-4561.148134109013,11278000.679448223,11877133.301154137,"[4, 4, 1]",Log-Cosh Loss,None,None,Large Random,WIP,9.999999999999999e-06,100,Did Not Converge,Regression,30,599059
2025-06-05T18:30:16.311651,211,0.59414,All_Defaults,Predict_Income_2_Inputs,85.42844487531106,32964.77842699305,37129.97262510914,"[4, 4, 1]",Log-Cosh Loss,None,None,Xavier Kill ReLU,WIP,0.001,100,Did Not Converge,Regression,30,599059
2025-06-05T18:30:17.742443,212,0.486432,All_Defaults,Predict_Income_2_Inputs,84.67986323977344,34543.08082956894,39037.44340618439,"[4, 4, 1]",Log-Cosh Loss,None,None,LeCun,WIP,0.001,100,Did Not Converge,Regression,30,599059
2025-06-05T18:30:19.168456,213,0.546327,All_Defaults,Predict_Income_2_Inputs,85.61971461999752,33515.65857659336,36642.59565515299,"[4, 4, 1]",Log-Cosh Loss,None,None,Normal Random,WIP,0.001,100,Did Not Converge,Regression,30,599059
2025-06-05T18:30:20.599306,214,0.502188,All_Defaults,Predict_Income_2_Inputs,-0.005623508540697486,254398.01648086452,254825.65391649326,"[4, 4, 1]",Log-Cosh Loss,None,None,Small Random,WIP,0.01,100,Did Not Converge,Regression,30,599059
2025-06-05T18:30:22.017523,215,0.521291,All_Defaults,Predict_Income_2_Inputs,85.06240548942343,33759.98037680976,38062.68243277355,"[4, 4, 1]",Log-Cosh Loss,None,None,Uniform Random,WIP,0.001,100,Did Not Converge,Regression,30,599059
2025-06-05T18:30:23.563486,216,0.64767,All_Defaults,Predict_Income_2_Inputs,84.99243959674165,33295.27493380302,38240.963450670104,"[4, 4, 1]",Log-Cosh Loss,None,None,Xavier (Glorot),WIP,0.001,100,Did Not Converge,Regression,30,599059
2025-06-05T18:30:25.333400,217,0.846539,All_Defaults,Predict_Income_2_Inputs,0.11735674035794341,254512.286315303,254512.286315303,"[4, 4, 1]",Log-Cosh Loss,ReLU,None,He (Kaiming),WIP,0.1,100,Did Not Converge,Regression,30,599059
2025-06-05T18:30:26.918180,218,0.641932,All_Defaults,Predict_Income_2_Inputs,0.11705048162112819,254513.06669724692,254513.06669724692,"[4, 4, 1]",Log-Cosh Loss,ReLU,None,Large Random,WIP,0.1,100,Did Not Converge,Regression,30,599059
2025-06-05T18:30:28.595104,219,0.764328,All_Defaults,Predict_Income_2_Inputs,0.1167334303098122,254513.87457989287,254513.87457989287,"[4, 4, 1]",Log-Cosh Loss,ReLU,None,Xavier Kill ReLU,WIP,0.1,100,Did Not Converge,Regression,30,599059
2025-06-05T18:30:30.158674,220,0.666475,All_Defaults,Predict_Income_2_Inputs,0.1172661331788949,254512.5171926561,254512.5171926561,"[4, 4, 1]",Log-Cosh Loss,ReLU,None,LeCun,WIP,0.1,100,Did Not Converge,Regression,30,599059
2025-06-05T18:30:31.788884,221,0.721642,All_Defaults,Predict_Income_2_Inputs,0.11735674035794341,254512.286315303,254512.286315303,"[4, 4, 1]",Log-Cosh Loss,ReLU,None,Normal Random,WIP,0.1,100,Did Not Converge,Regression,30,599059
2025-06-05T18:30:33.373955,222,0.693868,All_Defaults,Predict_Income_2_Inputs,0.11705048162112819,254513.06669724692,254513.06669724692,"[4, 4, 1]",Log-Cosh Loss,ReLU,None,Small Random,WIP,0.1,100,Did Not Converge,Regression,30,599059
2025-06-05T18:30:34.991017,223,0.662169,All_Defaults,Predict_Income_2_Inputs,0.11733875089362522,254512.33215449532,254512.33215449532,"[4, 4, 1]",Log-Cosh Loss,ReLU,None,Uniform Random,WIP,0.1,100,Did Not Converge,Regression,30,599059
2025-06-05T18:30:36.616656,224,0.696318,All_Defaults,Predict_Income_2_Inputs,0.11755204326303614,254511.7886613836,254511.7886613836,"[4, 4, 1]",Log-Cosh Loss,ReLU,None,Xavier (Glorot),WIP,0.1,100,Did Not Converge,Regression,30,599059
2025-06-05T18:30:37.965699,225,0.527775,All_Defaults,Predict_Income_2_Inputs,0.5711855480514672,253355.879119094,253355.879119094,"[4, 4, 1]",Log-Cosh Loss,Sigmoid,None,He (Kaiming),WIP,0.1,100,Did Not Converge,Regression,30,599059
2025-06-05T18:30:39.356309,226,0.586118,All_Defaults,Predict_Income_2_Inputs,3.119901848703499,246861.4613536189,246861.4613536189,"[4, 4, 1]",Log-Cosh Loss,Sigmoid,None,Large Random,WIP,0.1,100,Did Not Converge,Regression,30,599059
2025-06-05T18:30:40.695077,227,0.573543,All_Defaults,Predict_Income_2_Inputs,0.4958259251588326,253547.90397238513,253547.90397238513,"[4, 4, 1]",Log-Cosh Loss,Sigmoid,None,Xavier Kill ReLU,WIP,0.1,100,Did Not Converge,Regression,30,599059
2025-06-05T18:30:41.964087,228,0.510697,All_Defaults,Predict_Income_2_Inputs,0.5783975495484484,253337.50212255082,253337.50212255082,"[4, 4, 1]",Log-Cosh Loss,Sigmoid,None,LeCun,WIP,0.1,100,Did Not Converge,Regression,30,599059
2025-06-05T18:30:43.301282,229,0.589183,All_Defaults,Predict_Income_2_Inputs,0.49490316659401845,253550.2552657068,253550.2552657068,"[4, 4, 1]",Log-Cosh Loss,Sigmoid,None,Normal Random,WIP,0.1,100,Did Not Converge,Regression,30,599059
2025-06-05T18:30:45.000177,230,0.590639,All_Defaults,Predict_Income_2_Inputs,0.5828270686775272,253326.21520618547,253326.21520618547,"[4, 4, 1]",Log-Cosh Loss,Sigmoid,None,Small Random,WIP,0.1,100,Did Not Converge,Regression,30,599059
2025-06-05T18:30:46.578162,231,0.763578,All_Defaults,Predict_Income_2_Inputs,0.5817802413538575,253328.88264075498,253328.88264075498,"[4, 4, 1]",Log-Cosh Loss,Sigmoid,None,Uniform Random,WIP,0.1,100,Did Not Converge,Regression,30,599059
2025-06-05T18:30:48.027016,232,0.586115,All_Defaults,Predict_Income_2_Inputs,0.5788834011137278,253336.26411774184,253336.26411774184,"[4, 4, 1]",Log-Cosh Loss,Sigmoid,None,Xavier (Glorot),WIP,0.1,100,Did Not Converge,Regression,30,599059
2025-06-05T18:30:49.375690,233,0.548466,All_Defaults,Predict_Income_2_Inputs,0.5863367287354149,253317.27219490372,253317.27219490372,"[4, 4, 1]",Log-Cosh Loss,Tanh,None,He (Kaiming),WIP,0.1,100,Did Not Converge,Regression,30,599059
2025-06-05T18:30:50.775887,234,0.594838,All_Defaults,Predict_Income_2_Inputs,15.669417117802132,214883.87526807276,214883.87526807276,"[4, 4, 1]",Log-Cosh Loss,Tanh,None,Large Random,WIP,0.1,100,Did Not Converge,Regression,30,599059
2025-06-05T18:30:52.354148,235,0.689794,All_Defaults,Predict_Income_2_Inputs,0.5862029588425743,253317.61305573958,253317.61305573958,"[4, 4, 1]",Log-Cosh Loss,Tanh,None,Xavier Kill ReLU,WIP,0.1,100,Did Not Converge,Regression,30,599059
2025-06-05T18:30:53.815826,236,0.598125,All_Defaults,Predict_Income_2_Inputs,0.58574524309154,253318.77936730758,253318.77936730758,"[4, 4, 1]",Log-Cosh Loss,Tanh,None,LeCun,WIP,0.1,100,Did Not Converge,Regression,30,599059
2025-06-05T18:30:55.158020,237,0.592934,All_Defaults,Predict_Income_2_Inputs,0.5869784071790285,253315.637125562,253315.637125562,"[4, 4, 1]",Log-Cosh Loss,Tanh,None,Normal Random,WIP,0.1,100,Did Not Converge,Regression,30,599059
2025-06-05T18:31:01.178420,238,0.643822,All_Defaults,Predict_Income_2_Inputs,0.5782998908270942,253337.75096803225,253337.75096803225,"[4, 4, 1]",Log-Cosh Loss,Tanh,None,Small Random,WIP,0.1,100,Did Not Converge,Regression,30,599059
2025-06-05T18:31:02.517532,239,0.572497,All_Defaults,Predict_Income_2_Inputs,0.5852384190260573,253320.07081242214,253320.07081242214,"[4, 4, 1]",Log-Cosh Loss,Tanh,None,Uniform Random,WIP,0.1,100,Did Not Converge,Regression,30,599059
2025-06-05T18:31:03.808569,240,0.521322,All_Defaults,Predict_Income_2_Inputs,0.5858435600034517,253318.52884468206,253318.52884468206,"[4, 4, 1]",Log-Cosh Loss,Tanh,None,Xavier (Glorot),WIP,0.1,100,Did Not Converge,Regression,30,599059
2025-06-05T18:31:06.017170,241,0.771275,All_Defaults,Predict_Income_2_Inputs,93.20987569548758,15306.970801933447,17302.00568094931,"[4, 4, 1]",Mean Absolute Error,LeakyReLU,None,He (Kaiming),WIP,0.01,100,Did Not Converge,Regression,30,599059
2025-06-05T18:31:07.913796,242,0.816469,All_Defaults,Predict_Income_2_Inputs,-30065.520433099737,76618242.26009496,76865162.18199967,"[4, 4, 1]",Mean Absolute Error,LeakyReLU,None,Large Random,WIP,9.999999999999999e-05,100,Did Not Converge,Regression,30,599059
2025-06-05T18:31:09.223011,243,0.323189,All_Defaults,Predict_Income_2_Inputs,-3.6060551735797916e+27,145874.3986901644,9.18863695288042e+30,"[4, 4, 1]",Mean Absolute Error,LeakyReLU,None,Xavier Kill ReLU,WIP,0.1,35,Gradient Explosion,Regression,30,599059
2025-06-05T18:31:11.333014,244,0.719598,All_Defaults,Predict_Income_2_Inputs,93.01071986861173,15355.363049928881,17809.47728138975,"[4, 4, 1]",Mean Absolute Error,LeakyReLU,None,LeCun,WIP,0.01,100,Did Not Converge,Regression,30,599059
2025-06-05T18:32:13.575623,245,0.76967,All_Defaults,Predict_Income_2_Inputs,93.00063000357702,15536.297199341336,17835.187400133007,"[4, 4, 1]",Mean Absolute Error,LeakyReLU,None,Normal Random,WIP,0.01,100,Did Not Converge,Regression,30,599059
2025-06-05T18:32:15.615953,246,0.749023,All_Defaults,Predict_Income_2_Inputs,78.07928485174199,16146.96998892838,55856.46462666145,"[4, 4, 1]",Mean Absolute Error,LeakyReLU,None,Small Random,WIP,0.01,100,Did Not Converge,Regression,30,599059
2025-06-05T18:32:17.602860,247,0.687713,All_Defaults,Predict_Income_2_Inputs,87.14869811655035,25620.64679149637,32746.57255497879,"[4, 4, 1]",Mean Absolute Error,LeakyReLU,None,Uniform Random,WIP,0.01,100,Did Not Converge,Regression,30,599059
2025-06-05T18:32:19.661330,248,0.746217,All_Defaults,Predict_Income_2_Inputs,93.1364860135249,15465.964230916843,17489.01090166342,"[4, 4, 1]",Mean Absolute Error,LeakyReLU,None,Xavier (Glorot),WIP,0.01,100,Did Not Converge,Regression,30,599059
2025-06-05T18:32:20.848031,249,0.421486,All_Defaults,Predict_Income_2_Inputs,85.46808892673907,33518.61063576712,37028.9550925483,"[4, 4, 1]",Mean Absolute Error,None,None,He (Kaiming),WIP,0.001,100,Did Not Converge,Regression,30,599059
2025-06-05T18:32:21.845500,250,0.468143,All_Defaults,Predict_Income_2_Inputs,-4561.148134109013,11278000.679448223,11877133.301154137,"[4, 4, 1]",Mean Absolute Error,None,None,Large Random,WIP,9.999999999999999e-06,100,Did Not Converge,Regression,30,599059
2025-06-05T18:32:23.060314,251,0.419197,All_Defaults,Predict_Income_2_Inputs,85.42844487531106,32964.77842699305,37129.97262510914,"[4, 4, 1]",Mean Absolute Error,None,None,Xavier Kill ReLU,WIP,0.001,100,Did Not Converge,Regression,30,599059
2025-06-05T18:33:13.057091,252,0.484277,All_Defaults,Predict_Income_2_Inputs,84.679870985545,34542.891469046204,39037.423669081276,"[4, 4, 1]",Mean Absolute Error,None,None,LeCun,WIP,0.001,100,Did Not Converge,Regression,30,599059
2025-06-05T18:33:14.234338,253,0.425608,All_Defaults,Predict_Income_2_Inputs,85.61971461999752,33515.65857659336,36642.59565515299,"[4, 4, 1]",Mean Absolute Error,None,None,Normal Random,WIP,0.001,100,Did Not Converge,Regression,30,599059
2025-06-05T18:33:15.572196,254,0.433103,All_Defaults,Predict_Income_2_Inputs,-0.005623508540697486,254398.01648086452,254825.65391649326,"[4, 4, 1]",Mean Absolute Error,None,None,Small Random,WIP,0.01,100,Did Not Converge,Regression,30,599059
2025-06-05T18:33:16.856938,255,0.468469,All_Defaults,Predict_Income_2_Inputs,85.06240548942343,33759.98037680976,38062.68243277355,"[4, 4, 1]",Mean Absolute Error,None,None,Uniform Random,WIP,0.001,100,Did Not Converge,Regression,30,599059
2025-06-05T18:33:18.044698,256,0.440415,All_Defaults,Predict_Income_2_Inputs,84.99243959670721,33295.274933416185,38240.96345075787,"[4, 4, 1]",Mean Absolute Error,None,None,Xavier (Glorot),WIP,0.001,100,Did Not Converge,Regression,30,599059
2025-06-05T18:33:19.537008,257,0.639685,All_Defaults,Predict_Income_2_Inputs,0.11735674035794341,254512.286315303,254512.286315303,"[4, 4, 1]",Mean Absolute Error,ReLU,None,He (Kaiming),WIP,0.1,100,Did Not Converge,Regression,30,599059
2025-06-05T18:33:20.950655,258,0.622868,All_Defaults,Predict_Income_2_Inputs,0.11705048162112819,254513.06669724692,254513.06669724692,"[4, 4, 1]",Mean Absolute Error,ReLU,None,Large Random,WIP,0.1,100,Did Not Converge,Regression,30,599059
2025-06-05T18:33:22.448458,259,0.679526,All_Defaults,Predict_Income_2_Inputs,0.1167334303098122,254513.87457989287,254513.87457989287,"[4, 4, 1]",Mean Absolute Error,ReLU,None,Xavier Kill ReLU,WIP,0.1,100,Did Not Converge,Regression,30,599059
2025-06-05T18:33:23.867450,260,0.635158,All_Defaults,Predict_Income_2_Inputs,0.1172661331788949,254512.5171926561,254512.5171926561,"[4, 4, 1]",Mean Absolute Error,ReLU,None,LeCun,WIP,0.1,100,Did Not Converge,Regression,30,599059
2025-06-05T18:33:25.323155,261,0.639821,All_Defaults,Predict_Income_2_Inputs,0.11735674035794341,254512.286315303,254512.286315303,"[4, 4, 1]",Mean Absolute Error,ReLU,None,Normal Random,WIP,0.1,100,Did Not Converge,Regression,30,599059
2025-06-05T18:33:26.829847,262,0.671786,All_Defaults,Predict_Income_2_Inputs,0.11705048162112819,254513.06669724692,254513.06669724692,"[4, 4, 1]",Mean Absolute Error,ReLU,None,Small Random,WIP,0.1,100,Did Not Converge,Regression,30,599059
2025-06-05T18:33:28.236952,263,0.620443,All_Defaults,Predict_Income_2_Inputs,0.11733875089362522,254512.33215449532,254512.33215449532,"[4, 4, 1]",Mean Absolute Error,ReLU,None,Uniform Random,WIP,0.1,100,Did Not Converge,Regression,30,599059
2025-06-05T18:33:29.724227,264,0.655173,All_Defaults,Predict_Income_2_Inputs,0.11755204326303614,254511.7886613836,254511.7886613836,"[4, 4, 1]",Mean Absolute Error,ReLU,None,Xavier (Glorot),WIP,0.1,100,Did Not Converge,Regression,30,599059
2025-06-05T18:33:30.858457,265,0.494847,All_Defaults,Predict_Income_2_Inputs,0.5711855480514672,253355.879119094,253355.879119094,"[4, 4, 1]",Mean Absolute Error,Sigmoid,None,He (Kaiming),WIP,0.1,100,Did Not Converge,Regression,30,599059
2025-06-05T18:33:32.205681,266,0.543446,All_Defaults,Predict_Income_2_Inputs,3.119901848703499,246861.4613536189,246861.4613536189,"[4, 4, 1]",Mean Absolute Error,Sigmoid,None,Large Random,WIP,0.1,100,Did Not Converge,Regression,30,599059
2025-06-05T18:33:33.506130,267,0.549062,All_Defaults,Predict_Income_2_Inputs,0.4958259251588326,253547.90397238513,253547.90397238513,"[4, 4, 1]",Mean Absolute Error,Sigmoid,None,Xavier Kill ReLU,WIP,0.1,100,Did Not Converge,Regression,30,599059
2025-06-05T18:33:34.783009,268,0.528418,All_Defaults,Predict_Income_2_Inputs,0.5783975495484484,253337.50212255082,253337.50212255082,"[4, 4, 1]",Mean Absolute Error,Sigmoid,None,LeCun,WIP,0.1,100,Did Not Converge,Regression,30,599059
2025-06-05T18:33:36.119559,269,0.563533,All_Defaults,Predict_Income_2_Inputs,0.49490316659401845,253550.2552657068,253550.2552657068,"[4, 4, 1]",Mean Absolute Error,Sigmoid,None,Normal Random,WIP,0.1,100,Did Not Converge,Regression,30,599059
2025-06-05T18:33:37.427734,270,0.585579,All_Defaults,Predict_Income_2_Inputs,0.5828270686775272,253326.21520618547,253326.21520618547,"[4, 4, 1]",Mean Absolute Error,Sigmoid,None,Small Random,WIP,0.1,100,Did Not Converge,Regression,30,599059
2025-06-05T18:33:38.729638,271,0.571505,All_Defaults,Predict_Income_2_Inputs,0.5817802413538575,253328.88264075498,253328.88264075498,"[4, 4, 1]",Mean Absolute Error,Sigmoid,None,Uniform Random,WIP,0.1,100,Did Not Converge,Regression,30,599059
2025-06-05T18:33:40.086794,272,0.575404,All_Defaults,Predict_Income_2_Inputs,0.5788834011137278,253336.26411774184,253336.26411774184,"[4, 4, 1]",Mean Absolute Error,Sigmoid,None,Xavier (Glorot),WIP,0.1,100,Did Not Converge,Regression,30,599059
2025-06-05T18:33:41.393342,273,0.529858,All_Defaults,Predict_Income_2_Inputs,0.5863367287354149,253317.27219490372,253317.27219490372,"[4, 4, 1]",Mean Absolute Error,Tanh,None,He (Kaiming),WIP,0.1,100,Did Not Converge,Regression,30,599059
2025-06-05T18:33:42.775569,274,0.606781,All_Defaults,Predict_Income_2_Inputs,15.669417117802132,214883.87526807276,214883.87526807276,"[4, 4, 1]",Mean Absolute Error,Tanh,None,Large Random,WIP,0.1,100,Did Not Converge,Regression,30,599059
2025-06-05T18:33:44.104574,275,0.572584,All_Defaults,Predict_Income_2_Inputs,0.5862029588425743,253317.61305573958,253317.61305573958,"[4, 4, 1]",Mean Absolute Error,Tanh,None,Xavier Kill ReLU,WIP,0.1,100,Did Not Converge,Regression,30,599059
2025-06-05T18:33:45.410765,276,0.53538,All_Defaults,Predict_Income_2_Inputs,0.58574524309154,253318.77936730758,253318.77936730758,"[4, 4, 1]",Mean Absolute Error,Tanh,None,LeCun,WIP,0.1,100,Did Not Converge,Regression,30,599059
2025-06-05T18:33:46.806134,277,0.585385,All_Defaults,Predict_Income_2_Inputs,0.5869784071790285,253315.637125562,253315.637125562,"[4, 4, 1]",Mean Absolute Error,Tanh,None,Normal Random,WIP,0.1,100,Did Not Converge,Regression,30,599059
2025-06-05T18:33:48.116378,278,0.549005,All_Defaults,Predict_Income_2_Inputs,0.5782998908270942,253337.75096803225,253337.75096803225,"[4, 4, 1]",Mean Absolute Error,Tanh,None,Small Random,WIP,0.1,100,Did Not Converge,Regression,30,599059
2025-06-05T18:33:49.468499,279,0.594034,All_Defaults,Predict_Income_2_Inputs,0.5852384190260573,253320.07081242214,253320.07081242214,"[4, 4, 1]",Mean Absolute Error,Tanh,None,Uniform Random,WIP,0.1,100,Did Not Converge,Regression,30,599059
2025-06-05T18:33:50.759258,280,0.572577,All_Defaults,Predict_Income_2_Inputs,0.5858435600034517,253318.52884468206,253318.52884468206,"[4, 4, 1]",Mean Absolute Error,Tanh,None,Xavier (Glorot),WIP,0.1,100,Did Not Converge,Regression,30,599059
2025-06-05T18:33:52.353782,281,0.796658,All_Defaults,Predict_Income_2_Inputs,99.94855213065826,131.09499733784543,131.09499733784543,"[4, 4, 1]",Mean Squared Error,LeakyReLU,None,He (Kaiming),WIP,1e-08,100,Did Not Converge,Regression,30,599059
2025-06-05T18:33:52.487530,282,0.004225,All_Defaults,Predict_Income_2_Inputs,-6.311235977469531e+17,1.6081743991552863e+21,1.6081743991552863e+21,"[4, 4, 1]",Mean Squared Error,LeakyReLU,None,Large Random,WIP,1.0000000000000003e-11,1,Gradient Explosion,Regression,30,599059
2025-06-05T18:33:54.106536,283,0.784017,All_Defaults,Predict_Income_2_Inputs,99.99999999999999,2.0615213240186374e-11,2.1100277081131934e-11,"[4, 4, 1]",Mean Squared Error,LeakyReLU,None,Xavier Kill ReLU,WIP,1e-07,100,Did Not Converge,Regression,30,599059
2025-06-05T18:33:55.746659,284,0.841671,All_Defaults,Predict_Income_2_Inputs,99.99965081329476,0.8897672688721893,0.8897672688721893,"[4, 4, 1]",Mean Squared Error,LeakyReLU,None,LeCun,WIP,1e-08,100,Did Not Converge,Regression,30,599059
2025-06-05T18:33:57.339848,285,0.842881,All_Defaults,Predict_Income_2_Inputs,99.91857441967586,207.48159977079584,207.48159977079584,"[4, 4, 1]",Mean Squared Error,LeakyReLU,None,Normal Random,WIP,1e-08,100,Did Not Converge,Regression,30,599059
2025-06-05T18:33:58.965762,286,0.807254,All_Defaults,Predict_Income_2_Inputs,99.99999999999984,1.3703053506712118e-10,3.979948814958334e-10,"[4, 4, 1]",Mean Squared Error,LeakyReLU,None,Small Random,WIP,1e-08,100,Did Not Converge,Regression,30,599059
2025-06-05T18:34:00.567048,287,0.832745,All_Defaults,Predict_Income_2_Inputs,99.9731593461654,68.39302556186085,68.39302556186085,"[4, 4, 1]",Mean Squared Error,LeakyReLU,None,Uniform Random,WIP,1e-08,100,Did Not Converge,Regression,30,599059
2025-06-05T18:34:02.182960,288,0.781738,All_Defaults,Predict_Income_2_Inputs,99.82245010459859,452.41724026258015,452.41724026258015,"[4, 4, 1]",Mean Squared Error,LeakyReLU,None,Xavier (Glorot),WIP,1e-08,100,Did Not Converge,Regression,30,599059
2025-06-05T18:34:03.252612,289,0.497634,All_Defaults,Predict_Income_2_Inputs,99.99999999999993,8.415857640405496e-11,1.7826096154749393e-10,"[4, 4, 1]",Mean Squared Error,None,None,He (Kaiming),WIP,1e-08,100,Did Not Converge,Regression,30,599059
2025-06-05T18:34:03.388365,290,0.0038,All_Defaults,Predict_Income_2_Inputs,-1.4655005070764754e+16,3.734261253806639e+19,3.734261253806639e+19,"[4, 4, 1]",Mean Squared Error,None,None,Large Random,WIP,1.0000000000000005e-14,1,Gradient Explosion,Regression,30,599059
2025-06-05T18:34:04.480248,291,0.543169,All_Defaults,Predict_Income_2_Inputs,99.99999999999989,5.675246939063072e-11,2.7939677238464354e-10,"[4, 4, 1]",Mean Squared Error,None,None,Xavier Kill ReLU,WIP,1e-08,100,Did Not Converge,Regression,30,599059
2025-06-05T18:34:05.515954,292,0.537829,All_Defaults,Predict_Income_2_Inputs,99.99999999999996,6.548361852765083e-11,9.992315123478571e-11,"[4, 4, 1]",Mean Squared Error,None,None,LeCun,WIP,1e-08,100,Did Not Converge,Regression,30,599059
2025-06-05T18:34:06.574997,293,0.545388,All_Defaults,Predict_Income_2_Inputs,99.99999999999994,7.566995918750763e-11,1.5522042910257974e-10,"[4, 4, 1]",Mean Squared Error,None,None,Normal Random,WIP,1e-08,100,Did Not Converge,Regression,30,599059
2025-06-05T18:34:07.691863,294,0.521585,All_Defaults,Predict_Income_2_Inputs,99.99999999999993,5.772259707252185e-11,2.10275175049901e-10,"[4, 4, 1]",Mean Squared Error,None,None,Small Random,WIP,1e-08,100,Did Not Converge,Regression,30,599059
2025-06-05T18:34:08.768083,295,0.490461,All_Defaults,Predict_Income_2_Inputs,99.99999999999997,4.171549032131831e-11,6.475602276623249e-11,"[4, 4, 1]",Mean Squared Error,None,None,Uniform Random,WIP,1e-08,100,Did Not Converge,Regression,30,599059
2025-06-05T18:34:09.809378,296,0.495162,All_Defaults,Predict_Income_2_Inputs,99.99999999999997,5.117423521975676e-11,6.160310780008634e-11,"[4, 4, 1]",Mean Squared Error,None,None,Xavier (Glorot),WIP,1e-08,100,Did Not Converge,Regression,30,599059
2025-06-05T18:34:11.987879,297,0.702952,All_Defaults,Predict_Income_2_Inputs,99.9309800844606,175.87056100986666,175.87056100986666,"[4, 4, 1]",Mean Squared Error,ReLU,None,He (Kaiming),WIP,1e-08,100,Did Not Converge,Regression,30,599059
2025-06-05T18:34:12.111509,298,0.007679,All_Defaults,Predict_Income_2_Inputs,-1.587461534446504e+16,4.045031763119455e+19,4.045031763119455e+19,"[4, 4, 1]",Mean Squared Error,ReLU,None,Large Random,WIP,1e-06,1,Gradient Explosion,Regression,30,599059
2025-06-05T18:34:13.654025,299,0.666384,All_Defaults,Predict_Income_2_Inputs,52.87677645132863,117155.29984918881,120075.3101091135,"[4, 4, 1]",Mean Squared Error,ReLU,None,Xavier Kill ReLU,WIP,0.01,100,Did Not Converge,Regression,30,599059
2025-06-05T18:34:15.523486,300,0.639304,All_Defaults,Predict_Income_2_Inputs,99.91779782627522,209.4604477015717,209.4604477015717,"[4, 4, 1]",Mean Squared Error,ReLU,None,LeCun,WIP,1e-08,100,Did Not Converge,Regression,30,599059
2025-06-05T18:34:17.320093,301,0.688102,All_Defaults,Predict_Income_2_Inputs,99.92765782839169,184.33604570502212,184.33604570502212,"[4, 4, 1]",Mean Squared Error,ReLU,None,Normal Random,WIP,1e-08,100,Did Not Converge,Regression,30,599059
2025-06-05T18:34:19.029392,302,0.653894,All_Defaults,Predict_Income_2_Inputs,53.20827867028808,116838.17833792194,119230.6049139712,"[4, 4, 1]",Mean Squared Error,ReLU,None,Small Random,WIP,0.001,100,Did Not Converge,Regression,30,599059
2025-06-05T18:34:20.322694,303,0.655169,All_Defaults,Predict_Income_2_Inputs,0.5947913093491519,253295.7289660542,253295.7289660542,"[4, 4, 1]",Mean Squared Error,ReLU,None,Uniform Random,WIP,1e-06,100,Did Not Converge,Regression,30,599059
2025-06-05T18:34:21.662226,304,0.690527,All_Defaults,Predict_Income_2_Inputs,0.35445072574230574,253908.14399064585,253908.14399064585,"[4, 4, 1]",Mean Squared Error,ReLU,None,Xavier (Glorot),WIP,1e-06,100,Did Not Converge,Regression,30,599059
2025-06-05T18:34:22.939601,305,0.538735,All_Defaults,Predict_Income_2_Inputs,53.11805604536149,116854.59776317119,119460.50237961738,"[4, 4, 1]",Mean Squared Error,Sigmoid,None,He (Kaiming),WIP,0.001,100,Did Not Converge,Regression,30,599059
2025-06-05T18:34:24.238536,306,0.516285,All_Defaults,Predict_Income_2_Inputs,53.118052862343944,116857.4153593471,119460.51049030657,"[4, 4, 1]",Mean Squared Error,Sigmoid,None,Large Random,WIP,0.001,100,Did Not Converge,Regression,30,599059
2025-06-05T18:34:25.607321,307,0.579937,All_Defaults,Predict_Income_2_Inputs,52.87677645132863,117155.29985833005,120075.3101091135,"[4, 4, 1]",Mean Squared Error,Sigmoid,None,Xavier Kill ReLU,WIP,0.01,100,Did Not Converge,Regression,30,599059
2025-06-05T18:34:26.874934,308,0.500671,All_Defaults,Predict_Income_2_Inputs,53.11805605741946,116854.58708951152,119460.50234889233,"[4, 4, 1]",Mean Squared Error,Sigmoid,None,LeCun,WIP,0.001,100,Did Not Converge,Regression,30,599059
2025-06-05T18:34:28.236464,309,0.614737,All_Defaults,Predict_Income_2_Inputs,53.11805603749269,116854.60472861367,119460.50239966797,"[4, 4, 1]",Mean Squared Error,Sigmoid,None,Normal Random,WIP,0.001,100,Did Not Converge,Regression,30,599059
2025-06-05T18:34:29.518837,310,0.567785,All_Defaults,Predict_Income_2_Inputs,53.023067486726475,116923.52637564832,119702.54398407461,"[4, 4, 1]",Mean Squared Error,Sigmoid,None,Small Random,WIP,0.001,100,Did Not Converge,Regression,30,599059
2025-06-05T18:34:30.788865,311,0.530883,All_Defaults,Predict_Income_2_Inputs,53.05410348108062,116894.00171445878,119623.46075576427,"[4, 4, 1]",Mean Squared Error,Sigmoid,None,Uniform Random,WIP,0.001,100,Did Not Converge,Regression,30,599059
2025-06-05T18:34:32.164396,312,0.561562,All_Defaults,Predict_Income_2_Inputs,53.05410348108044,116892.863713416,119623.46075576475,"[4, 4, 1]",Mean Squared Error,Sigmoid,None,Xavier (Glorot),WIP,0.001,100,Did Not Converge,Regression,30,599059
2025-06-05T18:34:33.480485,313,0.517579,All_Defaults,Predict_Income_2_Inputs,76.81125116459647,58696.95611146292,59087.558060996205,"[4, 4, 1]",Mean Squared Error,Tanh,None,He (Kaiming),WIP,0.01,100,Did Not Converge,Regression,30,599059
2025-06-05T18:34:34.839406,314,0.561866,All_Defaults,Predict_Income_2_Inputs,76.81125116459647,58938.31774018822,59087.558060996205,"[4, 4, 1]",Mean Squared Error,Tanh,None,Large Random,WIP,0.01,100,Did Not Converge,Regression,30,599059
2025-06-05T18:34:36.135952,315,0.56671,All_Defaults,Predict_Income_2_Inputs,76.6738962997921,59327.56591593542,59437.553811379126,"[4, 4, 1]",Mean Squared Error,Tanh,None,Xavier Kill ReLU,WIP,0.01,100,Did Not Converge,Regression,30,599059
2025-06-05T18:34:37.454415,316,0.535451,All_Defaults,Predict_Income_2_Inputs,77.3790366926645,55680.80333066391,57640.77623615311,"[4, 4, 1]",Mean Squared Error,Tanh,None,LeCun,WIP,0.01,100,Did Not Converge,Regression,30,599059
2025-06-05T18:34:38.842716,317,0.567396,All_Defaults,Predict_Income_2_Inputs,76.65563545565719,58385.00245228556,59484.08451019878,"[4, 4, 1]",Mean Squared Error,Tanh,None,Normal Random,WIP,0.01,100,Did Not Converge,Regression,30,599059
2025-06-05T18:34:40.167207,318,0.531856,All_Defaults,Predict_Income_2_Inputs,76.81125131000755,58399.67916122366,59087.55769047232,"[4, 4, 1]",Mean Squared Error,Tanh,None,Small Random,WIP,0.01,100,Did Not Converge,Regression,30,599059
2025-06-05T18:34:41.525644,319,0.574101,All_Defaults,Predict_Income_2_Inputs,76.81125116459647,58095.54259200687,59087.558060996205,"[4, 4, 1]",Mean Squared Error,Tanh,None,Uniform Random,WIP,0.01,100,Did Not Converge,Regression,30,599059
2025-06-05T18:34:42.822887,320,0.550756,All_Defaults,Predict_Income_2_Inputs,76.64696102051893,58936.58482210567,59506.18795327439,"[4, 4, 1]",Mean Squared Error,Tanh,None,Xavier (Glorot),WIP,0.01,100,Did Not Converge,Regression,30,599059
2025-06-05T18:34:46.857451,321,1.047936,All_Defaults,California_Housing,91.64863771054729,0.17267555048415423,0.17267555048415423,"[4, 4, 1]",Binary Cross-Entropy,LeakyReLU,Sigmoid,He (Kaiming),WIP,0.1,100,Did Not Converge,Regression,30,599059
2025-06-05T18:34:48.882780,322,1.066837,All_Defaults,California_Housing,51.15026842283448,1.0100333333333336,1.0100333333333336,"[4, 4, 1]",Binary Cross-Entropy,LeakyReLU,Sigmoid,Large Random,WIP,1e-06,100,Did Not Converge,Regression,30,599059
2025-06-05T18:34:51.778336,323,1.054492,All_Defaults,California_Housing,67.56651981328665,0.6706054475005474,0.6706054475005474,"[4, 4, 1]",Binary Cross-Entropy,LeakyReLU,Sigmoid,Xavier Kill ReLU,WIP,0.1,100,Did Not Converge,Regression,30,599059
2025-06-05T18:34:54.375018,324,1.122764,All_Defaults,California_Housing,92.32756055397816,0.15863791546576295,0.15863791546576295,"[4, 4, 1]",Binary Cross-Entropy,LeakyReLU,Sigmoid,LeCun,WIP,0.1,100,Did Not Converge,Regression,30,599059
2025-06-05T18:34:57.057503,325,1.036143,All_Defaults,California_Housing,91.19072178132825,0.1815387930873848,0.18214357287533017,"[4, 4, 1]",Binary Cross-Entropy,LeakyReLU,Sigmoid,Normal Random,WIP,0.1,100,Did Not Converge,Regression,30,599059
2025-06-05T18:34:59.473266,326,1.011038,All_Defaults,California_Housing,61.9029704828962,0.7877068813054773,0.7877068813054773,"[4, 4, 1]",Binary Cross-Entropy,LeakyReLU,Sigmoid,Small Random,WIP,0.1,100,Did Not Converge,Regression,30,599059
2025-06-05T18:35:02.187153,327,1.074584,All_Defaults,California_Housing,91.69302849754594,0.16828350497849562,0.17175771177524107,"[4, 4, 1]",Binary Cross-Entropy,LeakyReLU,Sigmoid,Uniform Random,WIP,0.1,100,Did Not Converge,Regression,30,599059
2025-06-05T18:35:04.665200,328,1.059724,All_Defaults,California_Housing,92.30277252795656,0.15845130915574343,0.15915044095446101,"[4, 4, 1]",Binary Cross-Entropy,LeakyReLU,Sigmoid,Xavier (Glorot),WIP,0.1,100,Did Not Converge,Regression,30,599059
2025-06-05T18:35:06.630855,329,0.796777,All_Defaults,California_Housing,85.0533169934574,0.3087025647928206,0.30904260007094353,"[4, 4, 1]",Binary Cross-Entropy,None,Sigmoid,He (Kaiming),WIP,0.1,100,Did Not Converge,Regression,30,599059
2025-06-05T18:35:08.115623,330,0.736655,All_Defaults,California_Housing,49.831530413193825,1.0373000000000003,1.0373000000000003,"[4, 4, 1]",Binary Cross-Entropy,None,Sigmoid,Large Random,WIP,1e-06,100,Did Not Converge,Regression,30,599059
2025-06-05T18:35:09.979504,331,0.833489,All_Defaults,California_Housing,49.937932257492456,0.7979418474818195,1.0351000000000004,"[4, 4, 1]",Binary Cross-Entropy,None,Sigmoid,Xavier Kill ReLU,WIP,0.1,100,Did Not Converge,Regression,30,599059
2025-06-05T18:35:11.779738,332,0.745352,All_Defaults,California_Housing,85.37333341221344,0.30242583392460426,0.30242583392460426,"[4, 4, 1]",Binary Cross-Entropy,None,Sigmoid,LeCun,WIP,0.1,100,Did Not Converge,Regression,30,599059
2025-06-05T18:35:13.550394,333,0.759498,All_Defaults,California_Housing,83.90498172463346,0.33209787476549885,0.3327859628675705,"[4, 4, 1]",Binary Cross-Entropy,None,Sigmoid,Normal Random,WIP,0.1,100,Did Not Converge,Regression,30,599059
2025-06-05T18:35:15.390092,334,0.760045,All_Defaults,California_Housing,85.33969952156738,0.303121259458899,0.303121259458899,"[4, 4, 1]",Binary Cross-Entropy,None,Sigmoid,Small Random,WIP,0.1,100,Did Not Converge,Regression,30,599059
2025-06-05T18:35:17.365292,335,0.935172,All_Defaults,California_Housing,85.05724284413112,0.308961427873797,0.308961427873797,"[4, 4, 1]",Binary Cross-Entropy,None,Sigmoid,Uniform Random,WIP,0.1,100,Did Not Converge,Regression,30,599059
2025-06-05T18:35:19.502247,336,0.817337,All_Defaults,California_Housing,84.95114213053165,0.3087229080999165,0.311155201595084,"[4, 4, 1]",Binary Cross-Entropy,None,Sigmoid,Xavier (Glorot),WIP,0.1,100,Did Not Converge,Regression,30,599059
2025-06-05T18:35:21.829383,337,0.998127,All_Defaults,California_Housing,92.14990640803607,0.16231115180531003,0.16231115180531003,"[4, 4, 1]",Binary Cross-Entropy,ReLU,Sigmoid,He (Kaiming),WIP,0.1,100,Did Not Converge,Regression,30,599059
2025-06-05T18:35:24.032840,338,0.944781,All_Defaults,California_Housing,50.55836873427477,1.02227164859389,1.02227164859389,"[4, 4, 1]",Binary Cross-Entropy,ReLU,Sigmoid,Large Random,WIP,0.1,100,Did Not Converge,Regression,30,599059
2025-06-05T18:35:25.784288,339,0.930248,All_Defaults,California_Housing,62.541513829640316,0.7744977375640888,0.7745041462204137,"[4, 4, 1]",Binary Cross-Entropy,ReLU,Sigmoid,Xavier Kill ReLU,WIP,1e-06,100,Did Not Converge,Regression,30,599059
2025-06-05T18:35:28.392533,340,0.916681,All_Defaults,California_Housing,91.95736817087212,0.1633523344370471,0.1662921365763245,"[4, 4, 1]",Binary Cross-Entropy,ReLU,Sigmoid,LeCun,WIP,0.1,100,Did Not Converge,Regression,30,599059
2025-06-05T18:35:30.618083,341,0.909483,All_Defaults,California_Housing,91.41378209824053,0.17753150340941273,0.17753150340941273,"[4, 4, 1]",Binary Cross-Entropy,ReLU,Sigmoid,Normal Random,WIP,0.1,100,Did Not Converge,Regression,30,599059
2025-06-05T18:35:32.914901,342,0.886213,All_Defaults,California_Housing,61.90296971356801,0.7877068972123632,0.7877068972123633,"[4, 4, 1]",Binary Cross-Entropy,ReLU,Sigmoid,Small Random,WIP,0.1,100,Did Not Converge,Regression,30,599059
2025-06-05T18:35:35.062846,343,0.884005,All_Defaults,California_Housing,90.08670506352189,0.20482357362740372,0.20497059053826702,"[4, 4, 1]",Binary Cross-Entropy,ReLU,Sigmoid,Uniform Random,WIP,0.1,100,Did Not Converge,Regression,30,599059
2025-06-05T18:35:37.402531,344,0.97883,All_Defaults,California_Housing,91.18821877029295,0.16916830946477576,0.18219532596583296,"[4, 4, 1]",Binary Cross-Entropy,ReLU,Sigmoid,Xavier (Glorot),WIP,0.1,100,Did Not Converge,Regression,30,599059
2025-06-05T18:35:39.429470,345,0.790152,All_Defaults,California_Housing,90.50343001201337,0.19635424659494108,0.19635424659494108,"[4, 4, 1]",Binary Cross-Entropy,Sigmoid,Sigmoid,He (Kaiming),WIP,0.1,100,Did Not Converge,Regression,30,599059
2025-06-05T18:35:41.088904,346,0.841873,All_Defaults,California_Housing,45.36587725096326,1.1296333333333335,1.1296333333333335,"[4, 4, 1]",Binary Cross-Entropy,Sigmoid,Sigmoid,Large Random,WIP,1e-06,100,Did Not Converge,Regression,30,599059
2025-06-05T18:35:42.720479,347,0.847618,All_Defaults,California_Housing,55.25183796612112,0.9252074875374898,0.9252279142664911,"[4, 4, 1]",Binary Cross-Entropy,Sigmoid,Sigmoid,Xavier Kill ReLU,WIP,1e-06,100,Did Not Converge,Regression,30,599059
2025-06-05T18:35:45.033234,348,1.149984,All_Defaults,California_Housing,90.53781853132534,0.1956432181068068,0.1956432181068068,"[4, 4, 1]",Binary Cross-Entropy,Sigmoid,Sigmoid,LeCun,WIP,0.1,100,Did Not Converge,Regression,30,599059
2025-06-05T18:35:47.343444,349,0.827329,All_Defaults,California_Housing,90.46809723833556,0.19708479880109445,0.19708479880109445,"[4, 4, 1]",Binary Cross-Entropy,Sigmoid,Sigmoid,Normal Random,WIP,0.1,100,Did Not Converge,Regression,30,599059
2025-06-05T18:35:49.935478,350,1.27272,All_Defaults,California_Housing,63.34655396934,0.7578588679452698,0.7578588679452698,"[4, 4, 1]",Binary Cross-Entropy,Sigmoid,Sigmoid,Small Random,WIP,0.1,100,Did Not Converge,Regression,30,599059
2025-06-05T18:35:52.102052,351,0.855142,All_Defaults,California_Housing,89.90684945071126,0.2086893451406105,0.2086893451406105,"[4, 4, 1]",Binary Cross-Entropy,Sigmoid,Sigmoid,Uniform Random,WIP,0.1,100,Did Not Converge,Regression,30,599059
2025-06-05T18:35:54.220226,352,0.813091,All_Defaults,California_Housing,90.85356031466296,0.18911483574725735,0.18911483574725735,"[4, 4, 1]",Binary Cross-Entropy,Sigmoid,Sigmoid,Xavier (Glorot),WIP,0.1,100,Did Not Converge,Regression,30,599059
2025-06-05T18:35:56.988833,353,0.8233,All_Defaults,California_Housing,86.78663456488943,0.2724124448105873,0.27320394819149113,"[4, 4, 1]",Binary Cross-Entropy,Tanh,Sigmoid,He (Kaiming),WIP,0.1,100,Did Not Converge,Regression,30,599059
2025-06-05T18:35:58.505274,354,0.791027,All_Defaults,California_Housing,55.20321140111882,0.9262333333333337,0.9262333333333337,"[4, 4, 1]",Binary Cross-Entropy,Tanh,Sigmoid,Large Random,WIP,1e-06,100,Did Not Converge,Regression,30,599059
2025-06-05T18:36:00.397971,355,0.79819,All_Defaults,California_Housing,75.58389188958739,0.41464582736112077,0.5048355899935948,"[4, 4, 1]",Binary Cross-Entropy,Tanh,Sigmoid,Xavier Kill ReLU,WIP,0.1,100,Did Not Converge,Regression,30,599059
2025-06-05T18:36:02.341500,356,0.80263,All_Defaults,California_Housing,88.6068190119491,0.23442748712442005,0.23556920783593638,"[4, 4, 1]",Binary Cross-Entropy,Tanh,Sigmoid,LeCun,WIP,0.1,100,Did Not Converge,Regression,30,599059
2025-06-05T18:36:04.401988,357,0.84193,All_Defaults,California_Housing,82.12431055712382,0.3688962941560343,0.36960371348405574,"[4, 4, 1]",Binary Cross-Entropy,Tanh,Sigmoid,Normal Random,WIP,0.01,100,Did Not Converge,Regression,30,599059
2025-06-05T18:36:06.404596,358,0.84022,All_Defaults,California_Housing,88.94478157352917,0.22457722115923598,0.22858138125851957,"[4, 4, 1]",Binary Cross-Entropy,Tanh,Sigmoid,Small Random,WIP,0.1,100,Did Not Converge,Regression,30,599059
2025-06-05T18:36:08.945414,359,0.998775,All_Defaults,California_Housing,90.06798299537797,0.19323042665175788,0.20535769425989997,"[4, 4, 1]",Binary Cross-Entropy,Tanh,Sigmoid,Uniform Random,WIP,0.1,100,Did Not Converge,Regression,30,599059
2025-06-05T18:36:11.121936,360,0.96279,All_Defaults,California_Housing,90.32285213850282,0.20008793490026963,0.20008793490026963,"[4, 4, 1]",Binary Cross-Entropy,Tanh,Sigmoid,Xavier (Glorot),WIP,0.1,100,Did Not Converge,Regression,30,599059
2025-06-05T18:36:40.011846,362,0.949,All_Defaults,California_Housing,-819132348373726.6,1174089969940.7136,16936653479093.367,"[4, 4, 1]",Binary Cross-Entropy with Logits,LeakyReLU,None,Large Random,WIP,1e-08,100,Did Not Converge,Regression,30,599059
2025-06-05T18:36:42.515720,363,0.895356,All_Defaults,California_Housing,-46.54281597251233,1.736946487155764,3.0299681106529897,"[4, 4, 1]",Binary Cross-Entropy with Logits,LeakyReLU,None,Xavier Kill ReLU,WIP,0.001,100,Did Not Converge,Regression,30,599059
2025-06-05T18:36:44.339555,364,0.366311,All_Defaults,California_Housing,-5.7805042744944226e+32,1.6608493822208679,1.1951963321420487e+31,"[4, 4, 1]",Binary Cross-Entropy with Logits,LeakyReLU,None,LeCun,WIP,0.001,38,Gradient Explosion,Regression,30,599059
2025-06-05T18:36:46.684363,365,0.937037,All_Defaults,California_Housing,-527.3531129727584,2.5903489993356823,12.971362081529078,"[4, 4, 1]",Binary Cross-Entropy with Logits,LeakyReLU,None,Normal Random,WIP,9.999999999999999e-05,100,Did Not Converge,Regression,30,599059
2025-06-05T18:36:48.752594,366,0.894235,All_Defaults,California_Housing,19.339796748479465,0.7645140074332188,1.667757249162856,"[4, 4, 1]",Binary Cross-Entropy with Logits,LeakyReLU,None,Small Random,WIP,0.001,100,Did Not Converge,Regression,30,599059
2025-06-05T18:36:51.109255,367,0.938325,All_Defaults,California_Housing,-94.25885458184193,1.9663665789792475,4.016560830285692,"[4, 4, 1]",Binary Cross-Entropy with Logits,LeakyReLU,None,Uniform Random,WIP,9.999999999999999e-05,100,Did Not Converge,Regression,30,599059
2025-06-05T18:36:53.448614,368,0.887904,All_Defaults,California_Housing,-247.23144079364423,2.347006921075524,7.179473013662987,"[4, 4, 1]",Binary Cross-Entropy with Logits,LeakyReLU,None,Xavier (Glorot),WIP,9.999999999999999e-05,100,Did Not Converge,Regression,30,599059
2025-06-05T18:36:54.987924,369,0.621943,All_Defaults,California_Housing,-11437399.54836981,2.853460484908617,236485.55316194365,"[4, 4, 1]",Binary Cross-Entropy with Logits,None,None,He (Kaiming),WIP,9.999999999999999e-05,100,Did Not Converge,Regression,30,599059
2025-06-05T18:36:56.587655,370,0.627815,All_Defaults,California_Housing,-308950695645177.2,6387922742420.049,6387967566726.968,"[4, 4, 1]",Binary Cross-Entropy with Logits,None,None,Large Random,WIP,1.0000000000000002e-10,100,Did Not Converge,Regression,30,599059
2025-06-05T18:36:58.178623,371,0.684044,All_Defaults,California_Housing,-7127.574925643775,144.4199533533376,149.4397483542526,"[4, 4, 1]",Binary Cross-Entropy with Logits,None,None,Xavier Kill ReLU,WIP,9.999999999999999e-06,100,Did Not Converge,Regression,30,599059
2025-06-05T18:36:59.728457,372,0.558354,All_Defaults,California_Housing,-2187.137533222424,1.799617012498417,47.28961801608458,"[4, 4, 1]",Binary Cross-Entropy with Logits,None,None,LeCun,WIP,9.999999999999999e-05,100,Did Not Converge,Regression,30,599059
2025-06-05T18:37:01.382897,373,0.666518,All_Defaults,California_Housing,-334.71856638581426,8.444559749092559,8.988385984781893,"[4, 4, 1]",Binary Cross-Entropy with Logits,None,None,Normal Random,WIP,9.999999999999999e-06,100,Did Not Converge,Regression,30,599059
2025-06-05T18:37:03.066358,374,0.621597,All_Defaults,California_Housing,-11.660443827188494,0.7646675961347441,2.308728556718892,"[4, 4, 1]",Binary Cross-Entropy with Logits,None,None,Small Random,WIP,0.001,100,Did Not Converge,Regression,30,599059
2025-06-05T18:37:04.885459,375,0.75118,All_Defaults,California_Housing,-2393.5573910963844,2.13004496444925,51.55762380410589,"[4, 4, 1]",Binary Cross-Entropy with Logits,None,None,Uniform Random,WIP,9.999999999999999e-05,100,Did Not Converge,Regression,30,599059
2025-06-05T18:37:06.708579,376,0.740964,All_Defaults,California_Housing,-13704.555868248872,2.522552779018303,285.4275986505365,"[4, 4, 1]",Binary Cross-Entropy with Logits,None,None,Xavier (Glorot),WIP,9.999999999999999e-05,100,Did Not Converge,Regression,30,599059
2025-06-05T18:37:09.050068,377,0.858057,All_Defaults,California_Housing,-8.94343142172156,2.1656840823836396,2.252550702552656,"[4, 4, 1]",Binary Cross-Entropy with Logits,ReLU,None,He (Kaiming),WIP,9.999999999999999e-05,100,Did Not Converge,Regression,30,599059
2025-06-05T18:37:11.010659,378,0.894484,All_Defaults,California_Housing,-837145515828603.9,1173465363303.5881,17309099733779.56,"[4, 4, 1]",Binary Cross-Entropy with Logits,ReLU,None,Large Random,WIP,1e-08,100,Did Not Converge,Regression,30,599059
2025-06-05T18:37:13.279468,379,1.121742,All_Defaults,California_Housing,42.300077182038656,0.7645242655087159,1.193022837491775,"[4, 4, 1]",Binary Cross-Entropy with Logits,ReLU,None,Xavier Kill ReLU,WIP,0.001,100,Did Not Converge,Regression,30,599059
2025-06-05T18:37:15.628723,380,0.887493,All_Defaults,California_Housing,52.627587393046035,0.7645287842370646,0.9794877938655826,"[4, 4, 1]",Binary Cross-Entropy with Logits,ReLU,None,LeCun,WIP,0.001,100,Did Not Converge,Regression,30,599059
2025-06-05T18:37:18.206820,381,0.8832,All_Defaults,California_Housing,-538.8819585470325,2.5872742497006653,13.209736335571295,"[4, 4, 1]",Binary Cross-Entropy with Logits,ReLU,None,Normal Random,WIP,9.999999999999999e-05,100,Did Not Converge,Regression,30,599059
2025-06-05T18:37:20.397928,382,0.887716,All_Defaults,California_Housing,19.339877524467752,0.7645139083760192,1.6677555790115968,"[4, 4, 1]",Binary Cross-Entropy with Logits,ReLU,None,Small Random,WIP,0.001,100,Did Not Converge,Regression,30,599059
2025-06-05T18:37:22.744696,383,0.944753,All_Defaults,California_Housing,-86.62477717223476,1.959965341652594,3.8587161010721838,"[4, 4, 1]",Binary Cross-Entropy with Logits,ReLU,None,Uniform Random,WIP,9.999999999999999e-05,100,Did Not Converge,Regression,30,599059
2025-06-05T18:37:25.433301,384,1.137544,All_Defaults,California_Housing,-238.46111279779132,2.3412796033040317,6.998134788578067,"[4, 4, 1]",Binary Cross-Entropy with Logits,ReLU,None,Xavier (Glorot),WIP,9.999999999999999e-05,100,Did Not Converge,Regression,30,599059
2025-06-05T18:37:27.168114,385,0.726603,All_Defaults,California_Housing,-56.86299792247445,0.8625053992329801,3.243351632711056,"[4, 4, 1]",Binary Cross-Entropy with Logits,Sigmoid,None,He (Kaiming),WIP,0.001,100,Did Not Converge,Regression,30,599059
2025-06-05T18:37:28.814178,386,0.772831,All_Defaults,California_Housing,-610422.5926990176,12395.670118703116,12623.36863417579,"[4, 4, 1]",Binary Cross-Entropy with Logits,Sigmoid,None,Large Random,WIP,9.999999999999999e-06,100,Did Not Converge,Regression,30,599059
2025-06-05T18:37:30.560787,387,0.738403,All_Defaults,California_Housing,35.70277889876387,0.9882551586883538,1.3294307758961923,"[4, 4, 1]",Binary Cross-Entropy with Logits,Sigmoid,None,Xavier Kill ReLU,WIP,0.001,100,Did Not Converge,Regression,30,599059
2025-06-05T18:37:32.358413,388,0.752237,All_Defaults,California_Housing,-101.11838282701528,0.8254291307904101,4.158390722792311,"[4, 4, 1]",Binary Cross-Entropy with Logits,Sigmoid,None,LeCun,WIP,0.001,100,Did Not Converge,Regression,30,599059
2025-06-05T18:37:34.113539,389,0.756567,All_Defaults,California_Housing,-67.46918315525596,0.9105055495706053,3.4626486539791244,"[4, 4, 1]",Binary Cross-Entropy with Logits,Sigmoid,None,Normal Random,WIP,0.001,100,Did Not Converge,Regression,30,599059
2025-06-05T18:37:36.001952,390,0.836954,All_Defaults,California_Housing,-305.6879599602845,0.775880433675739,8.38813948945883,"[4, 4, 1]",Binary Cross-Entropy with Logits,Sigmoid,None,Small Random,WIP,0.001,100,Did Not Converge,Regression,30,599059
2025-06-05T18:37:37.930051,391,0.852939,All_Defaults,California_Housing,-192.44273646240438,0.8050886444341276,6.0466435000088286,"[4, 4, 1]",Binary Cross-Entropy with Logits,Sigmoid,None,Uniform Random,WIP,0.001,100,Did Not Converge,Regression,30,599059
2025-06-05T18:37:40.141053,392,1.007972,All_Defaults,California_Housing,-153.83738379446942,0.804834200855564,5.248426359795715,"[4, 4, 1]",Binary Cross-Entropy with Logits,Sigmoid,None,Xavier (Glorot),WIP,0.001,100,Did Not Converge,Regression,30,599059
2025-06-05T18:37:42.152235,393,0.779312,All_Defaults,California_Housing,-489.6548977482787,0.8642848952118942,12.191901217475996,"[4, 4, 1]",Binary Cross-Entropy with Logits,Tanh,None,He (Kaiming),WIP,0.001,100,Did Not Converge,Regression,30,599059
2025-06-05T18:37:44.216262,394,0.823888,All_Defaults,California_Housing,-595031.8332242059,12303.831848702082,12305.144161021424,"[4, 4, 1]",Binary Cross-Entropy with Logits,Tanh,None,Large Random,WIP,9.999999999999999e-05,100,Did Not Converge,Regression,30,599059
2025-06-05T18:37:46.275619,395,0.852445,All_Defaults,California_Housing,-716.4012305482014,4.383735845825653,16.880183976558133,"[4, 4, 1]",Binary Cross-Entropy with Logits,Tanh,None,Xavier Kill ReLU,WIP,0.001,100,Did Not Converge,Regression,30,599059
2025-06-05T18:37:48.192980,396,0.777424,All_Defaults,California_Housing,-488.29009212782057,0.7668013388955576,12.163682041532196,"[4, 4, 1]",Binary Cross-Entropy with Logits,Tanh,None,LeCun,WIP,0.001,100,Did Not Converge,Regression,30,599059
2025-06-05T18:37:50.043142,397,0.791713,All_Defaults,California_Housing,-464.10556776881936,0.9893674031768492,11.663634754377366,"[4, 4, 1]",Binary Cross-Entropy with Logits,Tanh,None,Normal Random,WIP,0.001,100,Did Not Converge,Regression,30,599059
2025-06-05T18:37:51.968516,398,0.81412,All_Defaults,California_Housing,-5.2246296870430475,0.7646668962049515,2.175659518285865,"[4, 4, 1]",Binary Cross-Entropy with Logits,Tanh,None,Small Random,WIP,0.001,100,Did Not Converge,Regression,30,599059
2025-06-05T18:37:53.820667,399,0.769838,All_Defaults,California_Housing,-412.06674928755945,1.1088821353026328,10.58766279718601,"[4, 4, 1]",Binary Cross-Entropy with Logits,Tanh,None,Uniform Random,WIP,0.001,100,Did Not Converge,Regression,30,599059
2025-06-05T18:38:15.378984,400,0.739049,All_Defaults,California_Housing,-439.75130741274705,1.0857626268468479,11.16007794916843,"[4, 4, 1]",Binary Cross-Entropy with Logits,Tanh,None,Xavier (Glorot),WIP,0.001,100,Did Not Converge,Regression,30,599059
2025-06-05T18:38:17.137027,401,0.488132,All_Defaults,California_Housing,-4.0608618187415916e+32,0.5221436955806973,8.396373258490742e+30,"[4, 4, 1]",Half Wit Error,LeakyReLU,None,He (Kaiming),WIP,0.1,60,Gradient Explosion,Regression,30,599059
2025-06-05T18:38:17.306442,402,0.005709,All_Defaults,California_Housing,-6.890754264543136e+23,1.4247553209178207e+22,1.4247553209178207e+22,"[4, 4, 1]",Half Wit Error,LeakyReLU,None,Large Random,WIP,1e-07,1,Gradient Explosion,Regression,30,599059
2025-06-05T18:38:19.444608,403,0.944946,All_Defaults,California_Housing,74.65102715749852,0.5241238121491748,0.5241238121491748,"[4, 4, 1]",Half Wit Error,LeakyReLU,None,Xavier Kill ReLU,WIP,0.1,100,Did Not Converge,Regression,30,599059
2025-06-05T18:38:21.592852,404,0.966162,All_Defaults,California_Housing,85.11863052622263,0.2874458210991286,0.30769215569631214,"[4, 4, 1]",Half Wit Error,LeakyReLU,None,LeCun,WIP,0.1,100,Did Not Converge,Regression,30,599059
2025-06-05T18:38:24.219599,405,0.917322,All_Defaults,California_Housing,75.42958046196921,0.5080261845081705,0.5080261845081705,"[4, 4, 1]",Half Wit Error,LeakyReLU,None,Normal Random,WIP,0.01,100,Did Not Converge,Regression,30,599059
2025-06-05T18:38:26.320894,406,0.904204,All_Defaults,California_Housing,66.37706438124822,0.6951990244985182,0.6951990244985182,"[4, 4, 1]",Half Wit Error,LeakyReLU,None,Small Random,WIP,0.1,100,Did Not Converge,Regression,30,599059
2025-06-05T18:38:28.821381,407,0.917932,All_Defaults,California_Housing,80.99694003136649,0.3929136022647894,0.3929136022647894,"[4, 4, 1]",Half Wit Error,LeakyReLU,None,Uniform Random,WIP,0.01,100,Did Not Converge,Regression,30,599059
2025-06-05T18:38:31.307715,408,0.923267,All_Defaults,California_Housing,87.09393757370083,0.26685004874697044,0.26685004874697044,"[4, 4, 1]",Half Wit Error,LeakyReLU,None,Xavier (Glorot),WIP,0.01,100,Did Not Converge,Regression,30,599059
2025-06-05T18:38:33.026635,409,0.678856,All_Defaults,California_Housing,86.30349586562835,0.2831934849836463,0.2831934849836463,"[4, 4, 1]",Half Wit Error,None,None,He (Kaiming),WIP,0.001,100,Did Not Converge,Regression,30,599059
2025-06-05T18:38:33.226448,410,0.004901,All_Defaults,California_Housing,-4.772041737837444e+26,9.86683256521063e+24,9.86683256521063e+24,"[4, 4, 1]",Half Wit Error,None,None,Large Random,WIP,1.0000000000000005e-14,1,Gradient Explosion,Regression,30,599059
2025-06-05T18:38:34.845893,411,0.621845,All_Defaults,California_Housing,21.53429501138281,1.6223830715796455,1.6223830715796455,"[4, 4, 1]",Half Wit Error,None,None,Xavier Kill ReLU,WIP,9.999999999999999e-05,100,Did Not Converge,Regression,30,599059
2025-06-05T18:38:36.594270,412,0.603805,All_Defaults,California_Housing,85.20499247933982,0.3059065071663433,0.3059065071663433,"[4, 4, 1]",Half Wit Error,None,None,LeCun,WIP,0.01,100,Did Not Converge,Regression,30,599059
2025-06-05T18:38:38.403832,413,0.666537,All_Defaults,California_Housing,80.57717047812636,0.4015928974707668,0.4015928974707668,"[4, 4, 1]",Half Wit Error,None,None,Normal Random,WIP,0.001,100,Did Not Converge,Regression,30,599059
2025-06-05T18:38:40.386823,414,0.697696,All_Defaults,California_Housing,85.86938390198848,0.2913020845396937,0.2921693286478523,"[4, 4, 1]",Half Wit Error,None,None,Small Random,WIP,0.01,100,Did Not Converge,Regression,30,599059
