timestamp,run_id,runtime_seconds,gladiator,arena,accuracy,best_mae,final_mae,architecture,loss_function,hidden_activation,output_activation,weight_initializer,normalization_scheme,learning_rate,epoch_count,convergence_condition,problem_type,sample_count,seed
2025-06-03T20:22:49.707478,1,5.180894,All_Defaults,Titanic,56.666666666666664,0.15925099198232837,0.36809693471144783,"[4, 4, 1]",Binary Cross-Entropy,LeakyReLU,Sigmoid,He (Kaiming),WIP,0.1,100,Did Not Converge,Binary Decision,30,599059
2025-06-03T20:22:55.418305,2,4.879326,All_Defaults,Predict_Income_2_Inputs,99.94855213065826,131.09499733784543,131.09499733784543,"[4, 4, 1]",Mean Squared Error,LeakyReLU,None,He (Kaiming),WIP,1e-08,100,Did Not Converge,Regression,30,599059
2025-06-03T20:22:57.768006,3,0.85631,All_Defaults,MultiModal_Temperature,85.3172241331848,3.3831587840098467,3.413684425223235,"[4, 4, 1]",Mean Squared Error,LeakyReLU,None,He (Kaiming),WIP,0.001,100,Did Not Converge,Regression,30,599059
2025-06-03T20:23:00.063139,4,1.025216,All_Defaults,Parity_Check,93.33333333333333,0.1126957648502908,0.1126957648502908,"[4, 4, 1]",Binary Cross-Entropy,LeakyReLU,Sigmoid,He (Kaiming),WIP,0.1,100,Did Not Converge,Binary Decision,30,599059
2025-06-03T20:23:02.404760,5,1.063414,All_Defaults,Iris_Two_Class,100.0,0.0004761227736116578,0.0004761227736116578,"[4, 4, 1]",Binary Cross-Entropy,LeakyReLU,Sigmoid,He (Kaiming),WIP,0.1,100,Did Not Converge,Binary Decision,30,599059
2025-06-03T20:23:21.183601,1,5.056001,All_Defaults,Deceptive_Multi_Regime_Entangler,91.93856707640636,0.5972563080648055,0.5972563080648055,"[4, 4, 1]",Mean Squared Error,LeakyReLU,None,He (Kaiming),WIP,0.001,100,Did Not Converge,Regression,30,599059
2025-06-03T20:23:27.360362,2,4.971636,All_Defaults,DefaultRisk__From_Income_Debt,90.0,0.08651726526891404,0.08651726526891404,"[4, 4, 1]",Binary Cross-Entropy,LeakyReLU,Sigmoid,He (Kaiming),WIP,0.1,100,Did Not Converge,Binary Decision,30,599059
2025-06-03T20:23:30.587507,3,1.015738,All_Defaults,Moons,100.0,0.003508930349438577,0.003508930349438577,"[4, 4, 1]",Binary Cross-Entropy,LeakyReLU,Sigmoid,He (Kaiming),WIP,0.1,100,Did Not Converge,Binary Decision,30,599059
2025-06-03T20:23:32.375789,4,0.922437,All_Defaults,CarValueFromMiles,97.69458240342159,389.46514260384663,389.46514260384663,"[4, 4, 1]",Mean Squared Error,LeakyReLU,None,He (Kaiming),WIP,1e-06,100,Did Not Converge,Regression,30,599059
2025-06-03T20:23:35.424416,5,1.119626,All_Defaults,California_Housing,85.23745201479916,0.2899159151938121,0.30523536299134085,"[4, 4, 1]",Mean Squared Error,LeakyReLU,None,He (Kaiming),WIP,0.01,100,Did Not Converge,Regression,30,599059
2025-06-03T20:23:37.540992,6,0.955415,All_Defaults,SimpleBinaryDecision,86.66666666666667,0.20989002593982606,0.2119320229393948,"[4, 4, 1]",Binary Cross-Entropy,LeakyReLU,Sigmoid,He (Kaiming),WIP,0.1,100,Did Not Converge,Binary Decision,30,599059
2025-06-03T20:23:39.898671,7,1.06101,All_Defaults,Customer_Churn_4X3,93.97169140165877,0.051668656545892276,0.051904406225729956,"[4, 4, 1]",Mean Squared Error,LeakyReLU,None,He (Kaiming),WIP,0.1,100,Did Not Converge,Regression,30,599059
2025-06-03T20:23:42.122416,8,0.931155,All_Defaults,Predict_EnergyOutput__From_Weather_Turbine,89.83889865734496,0.12078481661633625,0.12078481661633625,"[4, 4, 1]",Mean Squared Error,LeakyReLU,None,He (Kaiming),WIP,0.01,100,Did Not Converge,Regression,30,599059
2025-06-03T20:23:43.936895,9,0.944226,All_Defaults,Predict_Income_2_Inputs_Nonlinear,92.73512776849793,10991.35864989104,17592.681450288495,"[4, 4, 1]",Mean Squared Error,LeakyReLU,None,He (Kaiming),WIP,1e-08,100,Did Not Converge,Regression,30,599059
2025-06-03T20:23:45.721317,10,0.931897,All_Defaults,Predict_Income_Piecewise_Growth,93.1976668148959,12066.97825078814,12066.97825078814,"[4, 4, 1]",Mean Squared Error,LeakyReLU,None,He (Kaiming),WIP,1e-07,100,Did Not Converge,Regression,30,599059
2025-06-03T20:23:47.493386,11,0.938216,All_Defaults,Predict_Income_2_Inputs_5Coefficents,92.39018593806591,28982.681661914827,28998.74770340841,"[4, 4, 1]",Mean Squared Error,LeakyReLU,None,He (Kaiming),WIP,1e-08,100,Did Not Converge,Regression,30,599059
2025-06-03T20:23:50.036644,12,1.021874,All_Defaults,MultiModal_Nonlinear_Interactions,83.29714914001241,8.871017195842889,9.505585677872409,"[4, 4, 1]",Mean Squared Error,LeakyReLU,None,He (Kaiming),WIP,9.999999999999999e-05,100,Did Not Converge,Regression,30,599059
2025-06-03T20:23:52.758133,13,0.988839,All_Defaults,AutoNormalize_Challenge,94.90735285453096,0.2772078212545076,0.3006968302452806,"[4, 4, 1]",Mean Squared Error,LeakyReLU,None,He (Kaiming),WIP,0.01,100,Did Not Converge,Regression,30,599059
2025-06-03T20:23:55.031754,14,1.130744,All_Defaults,CaliforniaHousePricesUSD,86.11929221527605,28700.214105954736,28700.214105954736,"[4, 4, 1]",Mean Squared Error,LeakyReLU,None,He (Kaiming),WIP,1e-09,100,Did Not Converge,Regression,30,599059
2025-06-03T20:23:58.168829,15,1.403549,All_Defaults,Bit_Flip_Memory,93.33333333333333,0.08885021354028759,0.08885021354028759,"[4, 4, 1]",Binary Cross-Entropy,LeakyReLU,Sigmoid,He (Kaiming),WIP,0.1,100,Did Not Converge,Binary Decision,30,599059
2025-06-03T20:23:59.043568,16,0.172354,All_Defaults,XOR,100.0,0.39140997701566566,0.39140997701566566,"[4, 4, 1]",Binary Cross-Entropy,LeakyReLU,Sigmoid,He (Kaiming),WIP,0.1,100,Did Not Converge,Binary Decision,4,599059
2025-06-03T20:24:01.485698,17,1.028751,All_Defaults,Chaotic_Function_Prediction,50.08013589331968,0.4487073264510976,0.4487073264510976,"[4, 4, 1]",Mean Squared Error,LeakyReLU,None,He (Kaiming),WIP,0.01,100,Did Not Converge,Regression,30,599059
2025-06-03T20:24:03.757315,18,1.012059,All_Defaults,Circle_In_Square,100.0,0.012284330159819763,0.012284330159819763,"[4, 4, 1]",Binary Cross-Entropy,LeakyReLU,Sigmoid,He (Kaiming),WIP,0.1,100,Did Not Converge,Binary Decision,30,599059
2025-06-03T20:24:06.392985,19,0.980465,All_Defaults,Custom_Function_Recovery,91.06304394047918,1.159006597232974,1.1613746080412015,"[4, 4, 1]",Mean Squared Error,LeakyReLU,None,He (Kaiming),WIP,0.001,100,Did Not Converge,Regression,30,599059
2025-06-03T20:24:08.182001,20,0.983538,All_Defaults,One_Giant_Outlier,-0.2759908924281129,333.66063897265724,344.00355172057306,"[4, 4, 1]",Mean Squared Error,LeakyReLU,None,He (Kaiming),WIP,1e-06,100,Did Not Converge,Regression,30,599059
2025-06-03T20:24:11.516579,21,1.436632,All_Defaults,Sparse_Inputs,100.0,0.0002430221994481993,0.0002430221994481993,"[4, 4, 1]",Binary Cross-Entropy,LeakyReLU,Sigmoid,He (Kaiming),WIP,0.1,100,Did Not Converge,Binary Decision,30,599059
2025-06-03T20:24:14.203514,22,0.993166,All_Defaults,Adversarial_Noise,82.97542254197965,1.6873621219773678,2.108525009840384,"[4, 4, 1]",Mean Squared Error,LeakyReLU,None,He (Kaiming),WIP,0.001,100,Did Not Converge,Regression,30,599059
2025-06-03T20:24:16.758377,23,0.919686,All_Defaults,Chaotic_Solar_Periodic,90.20281570101427,5.581363056996457,5.595575739826571,"[4, 4, 1]",Mean Squared Error,LeakyReLU,None,He (Kaiming),WIP,9.999999999999999e-05,100,Did Not Converge,Regression,30,599059
2025-06-03T20:24:19.330982,24,0.9508,All_Defaults,Delayed_Effect_BloodSugar,88.97250693099429,11.021342241923087,11.040032439184067,"[4, 4, 1]",Mean Squared Error,LeakyReLU,None,He (Kaiming),WIP,0.01,100,Did Not Converge,Regression,30,599059
2025-06-03T20:24:21.781997,25,0.930925,All_Defaults,Piecewise_Regime,61.480190942557144,9.463220099497429,14.35426713883112,"[4, 4, 1]",Mean Squared Error,LeakyReLU,None,He (Kaiming),WIP,0.001,100,Did Not Converge,Regression,30,599059
2025-06-03T20:24:24.394326,26,1.016501,All_Defaults,Red_Herring_Features,95.56866644642949,0.4775156030709085,0.4775156030709085,"[4, 4, 1]",Mean Squared Error,LeakyReLU,None,He (Kaiming),WIP,0.001,100,Did Not Converge,Regression,30,599059
2025-06-03T20:24:27.136163,27,1.003835,All_Defaults,Redundant_Features,99.17932980828091,0.10275612270650572,0.10275612270650572,"[4, 4, 1]",Mean Squared Error,LeakyReLU,None,He (Kaiming),WIP,0.001,100,Did Not Converge,Regression,30,599059
2025-06-03T20:24:29.612215,28,1.033183,All_Defaults,Target_Drift_Commodity,98.36456830154687,1.7819168466014876,1.7819168466014876,"[4, 4, 1]",Mean Squared Error,LeakyReLU,None,He (Kaiming),WIP,9.999999999999999e-05,100,Did Not Converge,Regression,30,599059
2025-06-03T20:24:31.988831,29,1.038427,All_Defaults,XOR_Floats,100.0,0.004616225254615005,0.004616225254615005,"[4, 4, 1]",Binary Cross-Entropy,LeakyReLU,Sigmoid,He (Kaiming),WIP,0.1,100,Did Not Converge,Binary Decision,30,599059
2025-06-03T20:24:34.155535,30,0.978979,All_Defaults,Nested_Sine_Flip,42.87015494642784,0.4214619058695266,0.4214619058695266,"[4, 4, 1]",Mean Squared Error,LeakyReLU,None,He (Kaiming),WIP,0.01,100,Did Not Converge,Regression,30,599059
2025-06-03T20:24:36.506261,31,1.006575,All_Defaults,DefaultRisk__From_Income_Debt,90.0,0.08651726526891404,0.08651726526891404,"[4, 4, 1]",Binary Cross-Entropy,LeakyReLU,Sigmoid,He (Kaiming),WIP,0.1,100,Did Not Converge,Binary Decision,30,599059
2025-06-03T20:24:38.384244,32,0.957115,All_Defaults,Predict_MedicalCost_WithOutliers,97.99097490882079,419.49148671832046,419.49148671832046,"[4, 4, 1]",Mean Squared Error,LeakyReLU,None,He (Kaiming),WIP,1e-07,100,Did Not Converge,Regression,30,599059
2025-06-03T20:24:41.013322,33,1.111091,All_Defaults,Titanic,56.666666666666664,0.15925099198232837,0.36809693471144783,"[4, 4, 1]",Binary Cross-Entropy,LeakyReLU,Sigmoid,He (Kaiming),WIP,0.1,100,Did Not Converge,Binary Decision,30,599059
2025-06-03T20:24:42.855131,34,0.917817,All_Defaults,Predict_Income_2_Inputs,99.94855213065826,131.09499733784543,131.09499733784543,"[4, 4, 1]",Mean Squared Error,LeakyReLU,None,He (Kaiming),WIP,1e-08,100,Did Not Converge,Regression,30,599059
2025-06-03T20:24:45.495540,35,0.9686,All_Defaults,MultiModal_Temperature,85.3172241331848,3.3831587840098467,3.413684425223235,"[4, 4, 1]",Mean Squared Error,LeakyReLU,None,He (Kaiming),WIP,0.001,100,Did Not Converge,Regression,30,599059
2025-06-03T20:24:47.924305,36,1.039593,All_Defaults,Parity_Check,93.33333333333333,0.1126957648502908,0.1126957648502908,"[4, 4, 1]",Binary Cross-Entropy,LeakyReLU,Sigmoid,He (Kaiming),WIP,0.1,100,Did Not Converge,Binary Decision,30,599059
2025-06-03T20:24:50.392828,37,1.083346,All_Defaults,Iris_Two_Class,100.0,0.0004761227736116578,0.0004761227736116578,"[4, 4, 1]",Binary Cross-Entropy,LeakyReLU,Sigmoid,He (Kaiming),WIP,0.1,100,Did Not Converge,Binary Decision,30,599059
2025-06-03T20:24:53.225179,38,1.042384,All_Defaults,Deceptive_Multi_Regime_Entangler,91.93856707640636,0.5972563080648055,0.5972563080648055,"[4, 4, 1]",Mean Squared Error,LeakyReLU,None,He (Kaiming),WIP,0.001,100,Did Not Converge,Regression,30,599059
2025-06-03T20:24:55.617582,39,1.026142,All_Defaults,DefaultRisk__From_Income_Debt,90.0,0.08651726526891404,0.08651726526891404,"[4, 4, 1]",Binary Cross-Entropy,LeakyReLU,Sigmoid,He (Kaiming),WIP,0.1,100,Did Not Converge,Binary Decision,30,599059
2025-06-03T20:24:57.972044,40,1.022717,All_Defaults,Moons,100.0,0.003508930349438577,0.003508930349438577,"[4, 4, 1]",Binary Cross-Entropy,LeakyReLU,Sigmoid,He (Kaiming),WIP,0.1,100,Did Not Converge,Binary Decision,30,599059
2025-06-03T20:24:59.828066,41,0.980262,All_Defaults,CarValueFromMiles,97.69458240342159,389.46514260384663,389.46514260384663,"[4, 4, 1]",Mean Squared Error,LeakyReLU,None,He (Kaiming),WIP,1e-06,100,Did Not Converge,Regression,30,599059
2025-06-03T21:37:20.476715,1,5.696836,All_Defaults,Titanic,56.666666666666664,0.15925099198232837,0.36809693471144783,"[4, 4, 1]",Binary Cross-Entropy,LeakyReLU,Sigmoid,He (Kaiming),WIP,0.1,100,Did Not Converge,Binary Decision,30,599059
2025-06-03T21:37:28.118990,2,6.455535,All_Defaults,Predict_Income_2_Inputs,99.94855213065826,131.09499733784543,131.09499733784543,"[4, 4, 1]",Mean Squared Error,LeakyReLU,None,He (Kaiming),WIP,1e-08,100,Did Not Converge,Regression,30,599059
2025-06-03T21:37:31.069480,3,1.086089,All_Defaults,MultiModal_Temperature,85.3172241331848,3.3831587840098467,3.413684425223235,"[4, 4, 1]",Mean Squared Error,LeakyReLU,None,He (Kaiming),WIP,0.001,100,Did Not Converge,Regression,30,599059
2025-06-03T22:09:44.396161,1,5.172211,All_Defaults,Parity_Check,93.33333333333333,0.1126957648502908,0.1126957648502908,"[4, 4, 1]",Binary Cross-Entropy,LeakyReLU,Sigmoid,He (Kaiming),WIP,0.1,100,Did Not Converge,Binary Decision,30,599059
2025-06-03T22:09:50.692531,2,5.05396,All_Defaults,Iris_Two_Class,100.0,0.0004761227736116578,0.0004761227736116578,"[4, 4, 1]",Binary Cross-Entropy,LeakyReLU,Sigmoid,He (Kaiming),WIP,0.1,100,Did Not Converge,Binary Decision,30,599059
2025-06-03T22:09:53.242801,3,0.962791,All_Defaults,Deceptive_Multi_Regime_Entangler,91.93856707640636,0.5972563080648055,0.5972563080648055,"[4, 4, 1]",Mean Squared Error,LeakyReLU,None,He (Kaiming),WIP,0.001,100,Did Not Converge,Regression,30,599059
2025-06-03T22:12:01.583588,1,5.281084,All_Defaults,Titanic,56.666666666666664,0.15925099198232837,0.36809693471144783,"[4, 4, 1]",Binary Cross-Entropy,LeakyReLU,Sigmoid,He (Kaiming),WIP,0.1,100,Did Not Converge,Binary Decision,30,599059
2025-06-03T22:12:07.664739,2,5.188915,All_Defaults,Predict_Income_2_Inputs,99.94855213065826,131.09499733784543,131.09499733784543,"[4, 4, 1]",Mean Squared Error,LeakyReLU,None,He (Kaiming),WIP,1e-08,100,Did Not Converge,Regression,30,599059
2025-06-03T22:12:10.135661,3,0.89566,All_Defaults,MultiModal_Temperature,85.3172241331848,3.3831587840098467,3.413684425223235,"[4, 4, 1]",Mean Squared Error,LeakyReLU,None,He (Kaiming),WIP,0.001,100,Did Not Converge,Regression,30,599059
2025-06-03T22:12:12.503847,4,1.044321,All_Defaults,Parity_Check,93.33333333333333,0.1126957648502908,0.1126957648502908,"[4, 4, 1]",Binary Cross-Entropy,LeakyReLU,Sigmoid,He (Kaiming),WIP,0.1,100,Did Not Converge,Binary Decision,30,599059
2025-06-03T22:12:14.841085,5,1.043228,All_Defaults,Iris_Two_Class,100.0,0.0004761227736116578,0.0004761227736116578,"[4, 4, 1]",Binary Cross-Entropy,LeakyReLU,Sigmoid,He (Kaiming),WIP,0.1,100,Did Not Converge,Binary Decision,30,599059
2025-06-03T22:12:31.218759,1,5.070799,All_Defaults,Deceptive_Multi_Regime_Entangler,91.93856707640636,0.5972563080648055,0.5972563080648055,"[4, 4, 1]",Mean Squared Error,LeakyReLU,None,He (Kaiming),WIP,0.001,100,Did Not Converge,Regression,30,599059
2025-06-03T22:12:37.486150,2,4.953434,All_Defaults,DefaultRisk__From_Income_Debt,90.0,0.08651726526891404,0.08651726526891404,"[4, 4, 1]",Binary Cross-Entropy,LeakyReLU,Sigmoid,He (Kaiming),WIP,0.1,100,Did Not Converge,Binary Decision,30,599059
2025-06-03T22:12:40.588329,3,0.980946,All_Defaults,Moons,100.0,0.003508930349438577,0.003508930349438577,"[4, 4, 1]",Binary Cross-Entropy,LeakyReLU,Sigmoid,He (Kaiming),WIP,0.1,100,Did Not Converge,Binary Decision,30,599059
2025-06-03T22:12:42.344277,4,0.914047,All_Defaults,CarValueFromMiles,97.69458240342159,389.46514260384663,389.46514260384663,"[4, 4, 1]",Mean Squared Error,LeakyReLU,None,He (Kaiming),WIP,1e-06,100,Did Not Converge,Regression,30,599059
2025-06-03T22:12:45.451631,5,1.135881,All_Defaults,California_Housing,85.23745201479916,0.2899159151938121,0.30523536299134085,"[4, 4, 1]",Mean Squared Error,LeakyReLU,None,He (Kaiming),WIP,0.01,100,Did Not Converge,Regression,30,599059
2025-06-03T22:12:47.585460,6,0.966299,All_Defaults,SimpleBinaryDecision,86.66666666666667,0.20989002593982606,0.2119320229393948,"[4, 4, 1]",Binary Cross-Entropy,LeakyReLU,Sigmoid,He (Kaiming),WIP,0.1,100,Did Not Converge,Binary Decision,30,599059
2025-06-03T22:12:49.965577,7,1.06578,All_Defaults,Customer_Churn_4X3,93.97169140165877,0.051668656545892276,0.051904406225729956,"[4, 4, 1]",Mean Squared Error,LeakyReLU,None,He (Kaiming),WIP,0.1,100,Did Not Converge,Regression,30,599059
2025-06-03T22:12:52.372535,8,0.983225,All_Defaults,Predict_EnergyOutput__From_Weather_Turbine,89.83889865734496,0.12078481661633625,0.12078481661633625,"[4, 4, 1]",Mean Squared Error,LeakyReLU,None,He (Kaiming),WIP,0.01,100,Did Not Converge,Regression,30,599059
2025-06-03T22:12:54.193339,9,0.916265,All_Defaults,Predict_Income_2_Inputs_Nonlinear,92.73512776849793,10991.35864989104,17592.681450288495,"[4, 4, 1]",Mean Squared Error,LeakyReLU,None,He (Kaiming),WIP,1e-08,100,Did Not Converge,Regression,30,599059
2025-06-03T22:12:56.215827,10,1.07807,All_Defaults,Predict_Income_Piecewise_Growth,93.1976668148959,12066.97825078814,12066.97825078814,"[4, 4, 1]",Mean Squared Error,LeakyReLU,None,He (Kaiming),WIP,1e-07,100,Did Not Converge,Regression,30,599059
2025-06-03T22:12:58.023866,11,0.974005,All_Defaults,Predict_Income_2_Inputs_5Coefficents,92.39018593806591,28982.681661914827,28998.74770340841,"[4, 4, 1]",Mean Squared Error,LeakyReLU,None,He (Kaiming),WIP,1e-08,100,Did Not Converge,Regression,30,599059
2025-06-03T22:13:00.796757,12,1.215492,All_Defaults,MultiModal_Nonlinear_Interactions,83.29714914001241,8.871017195842889,9.505585677872409,"[4, 4, 1]",Mean Squared Error,LeakyReLU,None,He (Kaiming),WIP,9.999999999999999e-05,100,Did Not Converge,Regression,30,599059
2025-06-03T22:13:03.549621,13,0.987214,All_Defaults,AutoNormalize_Challenge,94.90735285453096,0.2772078212545076,0.3006968302452806,"[4, 4, 1]",Mean Squared Error,LeakyReLU,None,He (Kaiming),WIP,0.01,100,Did Not Converge,Regression,30,599059
2025-06-03T22:13:05.829696,14,1.154583,All_Defaults,CaliforniaHousePricesUSD,86.11929221527605,28700.214105954736,28700.214105954736,"[4, 4, 1]",Mean Squared Error,LeakyReLU,None,He (Kaiming),WIP,1e-09,100,Did Not Converge,Regression,30,599059
2025-06-03T22:13:09.023442,15,1.374063,All_Defaults,Bit_Flip_Memory,93.33333333333333,0.08885021354028759,0.08885021354028759,"[4, 4, 1]",Binary Cross-Entropy,LeakyReLU,Sigmoid,He (Kaiming),WIP,0.1,100,Did Not Converge,Binary Decision,30,599059
2025-06-03T22:13:09.428025,16,0.142027,All_Defaults,XOR,100.0,0.39140997701566566,0.39140997701566566,"[4, 4, 1]",Binary Cross-Entropy,LeakyReLU,Sigmoid,He (Kaiming),WIP,0.1,100,Did Not Converge,Binary Decision,4,599059
2025-06-03T22:13:11.636808,17,0.983536,All_Defaults,Chaotic_Function_Prediction,50.08013589331968,0.4487073264510976,0.4487073264510976,"[4, 4, 1]",Mean Squared Error,LeakyReLU,None,He (Kaiming),WIP,0.01,100,Did Not Converge,Regression,30,599059
2025-06-03T22:13:13.924741,18,1.010818,All_Defaults,Circle_In_Square,100.0,0.012284330159819763,0.012284330159819763,"[4, 4, 1]",Binary Cross-Entropy,LeakyReLU,Sigmoid,He (Kaiming),WIP,0.1,100,Did Not Converge,Binary Decision,30,599059
2025-06-03T22:13:16.525309,19,0.971845,All_Defaults,Custom_Function_Recovery,91.06304394047918,1.159006597232974,1.1613746080412015,"[4, 4, 1]",Mean Squared Error,LeakyReLU,None,He (Kaiming),WIP,0.001,100,Did Not Converge,Regression,30,599059
2025-06-03T22:13:18.304276,20,0.977605,All_Defaults,One_Giant_Outlier,-0.2759908924281129,333.66063897265724,344.00355172057306,"[4, 4, 1]",Mean Squared Error,LeakyReLU,None,He (Kaiming),WIP,1e-06,100,Did Not Converge,Regression,30,599059
2025-06-03T22:13:21.614321,21,1.494349,All_Defaults,Sparse_Inputs,100.0,0.0002430221994481993,0.0002430221994481993,"[4, 4, 1]",Binary Cross-Entropy,LeakyReLU,Sigmoid,He (Kaiming),WIP,0.1,100,Did Not Converge,Binary Decision,30,599059
2025-06-03T22:13:24.358669,22,1.043126,All_Defaults,Adversarial_Noise,82.97542254197965,1.6873621219773678,2.108525009840384,"[4, 4, 1]",Mean Squared Error,LeakyReLU,None,He (Kaiming),WIP,0.001,100,Did Not Converge,Regression,30,599059
2025-06-03T22:13:26.930656,23,0.920566,All_Defaults,Chaotic_Solar_Periodic,90.20281570101427,5.581363056996457,5.595575739826571,"[4, 4, 1]",Mean Squared Error,LeakyReLU,None,He (Kaiming),WIP,9.999999999999999e-05,100,Did Not Converge,Regression,30,599059
2025-06-03T22:13:29.676151,24,1.0243,All_Defaults,Delayed_Effect_BloodSugar,88.97250693099429,11.021342241923087,11.040032439184067,"[4, 4, 1]",Mean Squared Error,LeakyReLU,None,He (Kaiming),WIP,0.01,100,Did Not Converge,Regression,30,599059
2025-06-03T22:13:32.232716,25,0.972236,All_Defaults,Piecewise_Regime,61.480190942557144,9.463220099497429,14.35426713883112,"[4, 4, 1]",Mean Squared Error,LeakyReLU,None,He (Kaiming),WIP,0.001,100,Did Not Converge,Regression,30,599059
2025-06-03T22:13:34.873969,26,1.027011,All_Defaults,Red_Herring_Features,95.56866644642949,0.4775156030709085,0.4775156030709085,"[4, 4, 1]",Mean Squared Error,LeakyReLU,None,He (Kaiming),WIP,0.001,100,Did Not Converge,Regression,30,599059
2025-06-03T22:13:37.581304,27,1.014576,All_Defaults,Redundant_Features,99.17932980828091,0.10275612270650572,0.10275612270650572,"[4, 4, 1]",Mean Squared Error,LeakyReLU,None,He (Kaiming),WIP,0.001,100,Did Not Converge,Regression,30,599059
2025-06-03T22:13:40.021557,28,0.984277,All_Defaults,Target_Drift_Commodity,98.36456830154687,1.7819168466014876,1.7819168466014876,"[4, 4, 1]",Mean Squared Error,LeakyReLU,None,He (Kaiming),WIP,9.999999999999999e-05,100,Did Not Converge,Regression,30,599059
2025-06-03T22:13:42.403441,29,1.065641,All_Defaults,XOR_Floats,100.0,0.004616225254615005,0.004616225254615005,"[4, 4, 1]",Binary Cross-Entropy,LeakyReLU,Sigmoid,He (Kaiming),WIP,0.1,100,Did Not Converge,Binary Decision,30,599059
2025-06-03T22:13:44.827108,30,1.065511,All_Defaults,Nested_Sine_Flip,42.87015494642784,0.4214619058695266,0.4214619058695266,"[4, 4, 1]",Mean Squared Error,LeakyReLU,None,He (Kaiming),WIP,0.01,100,Did Not Converge,Regression,30,599059
2025-06-03T22:13:47.397125,31,1.012234,All_Defaults,DefaultRisk__From_Income_Debt,90.0,0.08651726526891404,0.08651726526891404,"[4, 4, 1]",Binary Cross-Entropy,LeakyReLU,Sigmoid,He (Kaiming),WIP,0.1,100,Did Not Converge,Binary Decision,30,599059
2025-06-03T22:13:49.273342,32,0.941129,All_Defaults,Predict_MedicalCost_WithOutliers,97.99097490882079,419.49148671832046,419.49148671832046,"[4, 4, 1]",Mean Squared Error,LeakyReLU,None,He (Kaiming),WIP,1e-07,100,Did Not Converge,Regression,30,599059
2025-06-03T22:59:48.107514,1,5.362166,All_Defaults,Titanic,56.666666666666664,0.15925099198232837,0.36809693471144783,"[4, 4, 1]",Binary Cross-Entropy,LeakyReLU,Sigmoid,He (Kaiming),WIP,0.1,100,Did Not Converge,Binary Decision,30,599059
2025-06-03T22:59:54.399012,2,5.392268,All_Defaults,Predict_Income_2_Inputs,99.94855213065826,131.09499733784543,131.09499733784543,"[4, 4, 1]",Mean Squared Error,LeakyReLU,None,He (Kaiming),WIP,1e-08,100,Did Not Converge,Regression,30,599059
2025-06-03T22:59:56.884805,3,0.870495,All_Defaults,MultiModal_Temperature,85.3172241331848,3.3831587840098467,3.413684425223235,"[4, 4, 1]",Mean Squared Error,LeakyReLU,None,He (Kaiming),WIP,0.001,100,Did Not Converge,Regression,30,599059
2025-06-03T22:59:59.336271,4,1.132081,All_Defaults,Parity_Check,93.33333333333333,0.1126957648502908,0.1126957648502908,"[4, 4, 1]",Binary Cross-Entropy,LeakyReLU,Sigmoid,He (Kaiming),WIP,0.1,100,Did Not Converge,Binary Decision,30,599059
2025-06-03T23:00:01.762236,5,1.056253,All_Defaults,Iris_Two_Class,100.0,0.0004761227736116578,0.0004761227736116578,"[4, 4, 1]",Binary Cross-Entropy,LeakyReLU,Sigmoid,He (Kaiming),WIP,0.1,100,Did Not Converge,Binary Decision,30,599059
2025-06-03T23:00:04.497652,6,1.074181,All_Defaults,Deceptive_Multi_Regime_Entangler,91.93856707640636,0.5972563080648055,0.5972563080648055,"[4, 4, 1]",Mean Squared Error,LeakyReLU,None,He (Kaiming),WIP,0.001,100,Did Not Converge,Regression,30,599059
2025-06-03T23:00:06.865736,7,1.000497,All_Defaults,DefaultRisk__From_Income_Debt,90.0,0.08651726526891404,0.08651726526891404,"[4, 4, 1]",Binary Cross-Entropy,LeakyReLU,Sigmoid,He (Kaiming),WIP,0.1,100,Did Not Converge,Binary Decision,30,599059
2025-06-03T23:00:09.634198,8,1.05136,All_Defaults,Moons,100.0,0.003508930349438577,0.003508930349438577,"[4, 4, 1]",Binary Cross-Entropy,LeakyReLU,Sigmoid,He (Kaiming),WIP,0.1,100,Did Not Converge,Binary Decision,30,599059
2025-06-03T23:00:11.438444,9,0.995295,All_Defaults,CarValueFromMiles,97.69458240342159,389.46514260384663,389.46514260384663,"[4, 4, 1]",Mean Squared Error,LeakyReLU,None,He (Kaiming),WIP,1e-06,100,Did Not Converge,Regression,30,599059
2025-06-03T23:00:14.514146,10,1.111998,All_Defaults,California_Housing,85.23745201479916,0.2899159151938121,0.30523536299134085,"[4, 4, 1]",Mean Squared Error,LeakyReLU,None,He (Kaiming),WIP,0.01,100,Did Not Converge,Regression,30,599059
2025-06-04T01:38:59.206052,1,4.685855,All_Defaults,Titanic,56.666666666666664,0.15925099198232837,0.36809693471144783,"[4, 4, 1]",Binary Cross-Entropy,LeakyReLU,Sigmoid,He (Kaiming),WIP,0.1,100,Did Not Converge,Binary Decision,30,599059
2025-06-04T01:39:04.696806,2,4.683806,All_Defaults,Predict_Income_2_Inputs,99.94855213065826,131.09499733784543,131.09499733784543,"[4, 4, 1]",Mean Squared Error,LeakyReLU,None,He (Kaiming),WIP,1e-08,100,Did Not Converge,Regression,30,599059
2025-06-04T01:39:06.974418,3,0.817355,All_Defaults,MultiModal_Temperature,85.3172241331848,3.3831587840098467,3.413684425223235,"[4, 4, 1]",Mean Squared Error,LeakyReLU,None,He (Kaiming),WIP,0.001,100,Did Not Converge,Regression,30,599059
2025-06-04T01:39:09.138194,4,0.95755,All_Defaults,Parity_Check,93.33333333333333,0.1126957648502908,0.1126957648502908,"[4, 4, 1]",Binary Cross-Entropy,LeakyReLU,Sigmoid,He (Kaiming),WIP,0.1,100,Did Not Converge,Binary Decision,30,599059
2025-06-04T03:02:28.126862,1,4.974003,All_Defaults,Predict_Income_2_Inputs,99.94855213065826,131.09499733784543,131.09499733784543,"[4, 4, 1]",Mean Squared Error,LeakyReLU,None,He (Kaiming),WIP,1e-08,100,Did Not Converge,Regression,30,599059
2025-06-04T03:02:34.348392,2,4.684832,All_Defaults,MultiModal_Temperature,85.3172241331848,3.3831587840098467,3.413684425223235,"[4, 4, 1]",Mean Squared Error,LeakyReLU,None,He (Kaiming),WIP,0.001,100,Did Not Converge,Regression,30,599059
2025-06-04T03:02:36.639896,3,0.987191,All_Defaults,Parity_Check,93.33333333333333,0.1126957648502908,0.1126957648502908,"[4, 4, 1]",Binary Cross-Entropy,LeakyReLU,Sigmoid,He (Kaiming),WIP,0.1,100,Did Not Converge,Binary Decision,30,599059
2025-06-04T12:28:41.703031,1,4.86049,All_Defaults,Predict_Income_2_Inputs,99.94855213065826,131.09499733784543,131.09499733784543,"[4, 4, 1]",Mean Squared Error,LeakyReLU,None,He (Kaiming),WIP,1e-08,100,Did Not Converge,Regression,30,599059
2025-06-04T12:28:48.038722,2,4.836639,All_Defaults,MultiModal_Temperature,85.3172241331848,3.3831587840098467,3.413684425223235,"[4, 4, 1]",Mean Squared Error,LeakyReLU,None,He (Kaiming),WIP,0.001,100,Did Not Converge,Regression,30,599059
2025-06-04T12:28:50.299833,3,0.978963,All_Defaults,Parity_Check,93.33333333333333,0.1126957648502908,0.1126957648502908,"[4, 4, 1]",Binary Cross-Entropy,LeakyReLU,Sigmoid,He (Kaiming),WIP,0.1,100,Did Not Converge,Binary Decision,30,599059
2025-06-04T12:30:18.480386,1,4.994529,All_Defaults,Predict_Income_2_Inputs,99.94855213065826,131.09499733784543,131.09499733784543,"[4, 4, 1]",Mean Squared Error,LeakyReLU,None,He (Kaiming),WIP,1e-08,100,Did Not Converge,Regression,30,599059
2025-06-04T12:30:24.771957,2,4.653472,All_Defaults,MultiModal_Temperature,85.3172241331848,3.3831587840098467,3.413684425223235,"[4, 4, 1]",Mean Squared Error,LeakyReLU,None,He (Kaiming),WIP,0.001,100,Did Not Converge,Regression,30,599059
2025-06-04T12:30:27.094297,3,1.001167,All_Defaults,Parity_Check,93.33333333333333,0.1126957648502908,0.1126957648502908,"[4, 4, 1]",Binary Cross-Entropy,LeakyReLU,Sigmoid,He (Kaiming),WIP,0.1,100,Did Not Converge,Binary Decision,30,599059
2025-06-04T12:40:44.731207,1,5.137679,All_Defaults,Titanic,56.666666666666664,0.15925099198232837,0.36809693471144783,"[4, 4, 1]",Binary Cross-Entropy,LeakyReLU,Sigmoid,He (Kaiming),WIP,0.1,100,Did Not Converge,Binary Decision,30,599059
2025-06-04T12:40:50.581618,2,4.972892,All_Defaults,Predict_Income_2_Inputs,99.94855213065826,131.09499733784543,131.09499733784543,"[4, 4, 1]",Mean Squared Error,LeakyReLU,None,He (Kaiming),WIP,1e-08,100,Did Not Converge,Regression,30,599059
2025-06-04T12:40:53.032713,3,0.859583,All_Defaults,MultiModal_Temperature,85.3172241331848,3.3831587840098467,3.413684425223235,"[4, 4, 1]",Mean Squared Error,LeakyReLU,None,He (Kaiming),WIP,0.001,100,Did Not Converge,Regression,30,599059
2025-06-04T12:40:55.405321,4,1.035009,All_Defaults,Parity_Check,93.33333333333333,0.1126957648502908,0.1126957648502908,"[4, 4, 1]",Binary Cross-Entropy,LeakyReLU,Sigmoid,He (Kaiming),WIP,0.1,100,Did Not Converge,Binary Decision,30,599059
2025-06-04T12:47:46.266577,1,5.268972,All_Defaults,Titanic,56.666666666666664,0.15925099198232837,0.36809693471144783,"[4, 4, 1]",Binary Cross-Entropy,LeakyReLU,Sigmoid,He (Kaiming),WIP,0.1,100,Did Not Converge,Binary Decision,30,599059
2025-06-04T12:47:52.087259,2,4.954473,All_Defaults,Predict_Income_2_Inputs,99.94855213065826,131.09499733784543,131.09499733784543,"[4, 4, 1]",Mean Squared Error,LeakyReLU,None,He (Kaiming),WIP,1e-08,100,Did Not Converge,Regression,30,599059
2025-06-04T12:47:54.508442,3,0.845478,All_Defaults,MultiModal_Temperature,85.3172241331848,3.3831587840098467,3.413684425223235,"[4, 4, 1]",Mean Squared Error,LeakyReLU,None,He (Kaiming),WIP,0.001,100,Did Not Converge,Regression,30,599059
2025-06-04T12:47:56.830741,4,1.018214,All_Defaults,Parity_Check,93.33333333333333,0.1126957648502908,0.1126957648502908,"[4, 4, 1]",Binary Cross-Entropy,LeakyReLU,Sigmoid,He (Kaiming),WIP,0.1,100,Did Not Converge,Binary Decision,30,599059
2025-06-04T12:49:25.448025,1,5.018613,All_Defaults,Titanic,56.666666666666664,0.15925099198232837,0.36809693471144783,"[4, 4, 1]",Binary Cross-Entropy,LeakyReLU,Sigmoid,He (Kaiming),WIP,0.1,100,Did Not Converge,Binary Decision,30,599059
2025-06-04T12:49:31.078695,2,4.789112,All_Defaults,Predict_Income_2_Inputs,99.94855213065826,131.09499733784543,131.09499733784543,"[4, 4, 1]",Mean Squared Error,LeakyReLU,None,He (Kaiming),WIP,1e-08,100,Did Not Converge,Regression,30,599059
2025-06-04T12:49:33.429832,3,0.854016,All_Defaults,MultiModal_Temperature,85.3172241331848,3.3831587840098467,3.413684425223235,"[4, 4, 1]",Mean Squared Error,LeakyReLU,None,He (Kaiming),WIP,0.001,100,Did Not Converge,Regression,30,599059
2025-06-04T12:49:35.731007,4,1.002301,All_Defaults,Parity_Check,93.33333333333333,0.1126957648502908,0.1126957648502908,"[4, 4, 1]",Binary Cross-Entropy,LeakyReLU,Sigmoid,He (Kaiming),WIP,0.1,100,Did Not Converge,Binary Decision,30,599059
2025-06-04T12:54:26.197954,2,4.993363,All_Defaults,Predict_Income_2_Inputs,99.94855213065826,131.09499733784543,131.09499733784543,"[4, 4, 1]",Mean Squared Error,LeakyReLU,None,He (Kaiming),WIP,1e-08,100,Did Not Converge,Regression,30,599059
2025-06-04T12:54:28.563986,3,0.861113,All_Defaults,MultiModal_Temperature,85.3172241331848,3.3831587840098467,3.413684425223235,"[4, 4, 1]",Mean Squared Error,LeakyReLU,None,He (Kaiming),WIP,0.001,100,Did Not Converge,Regression,30,599059
2025-06-04T12:54:30.893796,4,1.012351,All_Defaults,Parity_Check,93.33333333333333,0.1126957648502908,0.1126957648502908,"[4, 4, 1]",Binary Cross-Entropy,LeakyReLU,Sigmoid,He (Kaiming),WIP,0.1,100,Did Not Converge,Binary Decision,30,599059
2025-06-04T13:56:57.613729,2,4.685389,All_Defaults,Predict_Income_2_Inputs,99.94855213065826,131.09499733784543,131.09499733784543,"[4, 4, 1]",Mean Squared Error,LeakyReLU,None,He (Kaiming),WIP,1e-08,100,Did Not Converge,Regression,30,599059
2025-06-04T13:56:59.823250,3,0.810736,All_Defaults,MultiModal_Temperature,85.3172241331848,3.3831587840098467,3.413684425223235,"[4, 4, 1]",Mean Squared Error,LeakyReLU,None,He (Kaiming),WIP,0.001,100,Did Not Converge,Regression,30,599059
2025-06-04T13:57:02.008944,4,0.959114,All_Defaults,Parity_Check,93.33333333333333,0.1126957648502908,0.1126957648502908,"[4, 4, 1]",Binary Cross-Entropy,LeakyReLU,Sigmoid,He (Kaiming),WIP,0.1,100,Did Not Converge,Binary Decision,30,599059
2025-06-04T13:59:17.266457,2,4.531613,All_Defaults,Predict_Income_2_Inputs,99.94855213065826,131.09499733784543,131.09499733784543,"[4, 4, 1]",Mean Squared Error,LeakyReLU,None,He (Kaiming),WIP,1e-08,100,Did Not Converge,Regression,30,599059
2025-06-04T13:59:19.506868,3,0.821339,All_Defaults,MultiModal_Temperature,85.3172241331848,3.3831587840098467,3.413684425223235,"[4, 4, 1]",Mean Squared Error,LeakyReLU,None,He (Kaiming),WIP,0.001,100,Did Not Converge,Regression,30,599059
2025-06-04T13:59:21.685256,4,0.973046,All_Defaults,Parity_Check,93.33333333333333,0.1126957648502908,0.1126957648502908,"[4, 4, 1]",Binary Cross-Entropy,LeakyReLU,Sigmoid,He (Kaiming),WIP,0.1,100,Did Not Converge,Binary Decision,30,599059
2025-06-04T14:02:56.816317,1,4.916694,All_Defaults,Titanic,56.666666666666664,0.15925099198232837,0.36809693471144783,"[4, 4, 1]",Binary Cross-Entropy,LeakyReLU,Sigmoid,He (Kaiming),WIP,0.1,100,Did Not Converge,Binary Decision,30,599059
2025-06-04T14:03:02.374845,2,4.77147,All_Defaults,Predict_Income_2_Inputs,99.94855213065826,131.09499733784543,131.09499733784543,"[4, 4, 1]",Mean Squared Error,LeakyReLU,None,He (Kaiming),WIP,1e-08,100,Did Not Converge,Regression,30,599059
2025-06-04T14:04:05.646305,1,4.727696,All_Defaults,Titanic,56.666666666666664,0.15925099198232837,0.36809693471144783,"[4, 4, 1]",Binary Cross-Entropy,LeakyReLU,Sigmoid,He (Kaiming),WIP,0.1,100,Did Not Converge,Binary Decision,30,599059
2025-06-04T14:04:11.128424,2,4.661424,All_Defaults,Predict_Income_2_Inputs,99.94855213065826,131.09499733784543,131.09499733784543,"[4, 4, 1]",Mean Squared Error,LeakyReLU,None,He (Kaiming),WIP,1e-08,100,Did Not Converge,Regression,30,599059
2025-06-04T14:04:13.345862,3,0.805066,All_Defaults,MultiModal_Temperature,85.3172241331848,3.3831587840098467,3.413684425223235,"[4, 4, 1]",Mean Squared Error,LeakyReLU,None,He (Kaiming),WIP,0.001,100,Did Not Converge,Regression,30,599059
2025-06-04T14:04:15.522026,4,0.963316,All_Defaults,Parity_Check,93.33333333333333,0.1126957648502908,0.1126957648502908,"[4, 4, 1]",Binary Cross-Entropy,LeakyReLU,Sigmoid,He (Kaiming),WIP,0.1,100,Did Not Converge,Binary Decision,30,599059
2025-06-04T14:06:30.538030,1,4.832373,All_Defaults,Titanic,56.666666666666664,0.15925099198232837,0.36809693471144783,"[4, 4, 1]",Binary Cross-Entropy,LeakyReLU,Sigmoid,He (Kaiming),WIP,0.1,100,Did Not Converge,Binary Decision,30,599059
2025-06-04T14:06:35.856396,2,4.532813,All_Defaults,Predict_Income_2_Inputs,99.94855213065826,131.09499733784543,131.09499733784543,"[4, 4, 1]",Mean Squared Error,LeakyReLU,None,He (Kaiming),WIP,1e-08,100,Did Not Converge,Regression,30,599059
2025-06-04T14:06:38.092319,3,0.81328,All_Defaults,MultiModal_Temperature,85.3172241331848,3.3831587840098467,3.413684425223235,"[4, 4, 1]",Mean Squared Error,LeakyReLU,None,He (Kaiming),WIP,0.001,100,Did Not Converge,Regression,30,599059
2025-06-04T14:06:40.270181,4,0.952187,All_Defaults,Parity_Check,93.33333333333333,0.1126957648502908,0.1126957648502908,"[4, 4, 1]",Binary Cross-Entropy,LeakyReLU,Sigmoid,He (Kaiming),WIP,0.1,100,Did Not Converge,Binary Decision,30,599059
2025-06-04T14:09:07.323693,1,4.795069,All_Defaults,Titanic,56.666666666666664,0.15925099198232837,0.36809693471144783,"[4, 4, 1]",Binary Cross-Entropy,LeakyReLU,Sigmoid,He (Kaiming),WIP,0.1,100,Did Not Converge,Binary Decision,30,599059
2025-06-04T14:09:25.430038,2,4.469738,All_Defaults,Predict_Income_2_Inputs,99.94855213065826,131.09499733784543,131.09499733784543,"[4, 4, 1]",Mean Squared Error,LeakyReLU,None,He (Kaiming),WIP,1e-08,100,Did Not Converge,Regression,30,599059
2025-06-04T14:09:27.627760,3,0.8082,All_Defaults,MultiModal_Temperature,85.3172241331848,3.3831587840098467,3.413684425223235,"[4, 4, 1]",Mean Squared Error,LeakyReLU,None,He (Kaiming),WIP,0.001,100,Did Not Converge,Regression,30,599059
2025-06-04T14:09:29.815957,4,0.955423,All_Defaults,Parity_Check,93.33333333333333,0.1126957648502908,0.1126957648502908,"[4, 4, 1]",Binary Cross-Entropy,LeakyReLU,Sigmoid,He (Kaiming),WIP,0.1,100,Did Not Converge,Binary Decision,30,599059
2025-06-04T14:15:29.670988,1,4.699627,All_Defaults,Iris_Two_Class,100.0,0.0004761227736116578,0.0004761227736116578,"[4, 4, 1]",Binary Cross-Entropy,LeakyReLU,Sigmoid,He (Kaiming),WIP,0.1,100,Did Not Converge,Binary Decision,30,599059
2025-06-04T14:17:30.744787,1,4.748108,All_Defaults,Iris_Two_Class,100.0,0.0004761227736116578,0.0004761227736116578,"[4, 4, 1]",Binary Cross-Entropy,LeakyReLU,Sigmoid,He (Kaiming),WIP,0.1,100,Did Not Converge,Binary Decision,30,599059
2025-06-04T14:17:50.624019,1,4.697587,All_Defaults,Iris_Two_Class,100.0,0.0004761227736116578,0.0004761227736116578,"[4, 4, 1]",Binary Cross-Entropy,LeakyReLU,Sigmoid,He (Kaiming),WIP,0.1,100,Did Not Converge,Binary Decision,30,599059
2025-06-04T14:20:40.912726,1,4.677003,All_Defaults,Iris_Two_Class,100.0,0.0004761227736116578,0.0004761227736116578,"[4, 4, 1]",Binary Cross-Entropy,LeakyReLU,Sigmoid,He (Kaiming),WIP,0.1,100,Did Not Converge,Binary Decision,30,599059
2025-06-04T14:21:35.288965,1,4.609012,All_Defaults,Iris_Two_Class,100.0,0.0004761227736116578,0.0004761227736116578,"[4, 4, 1]",Binary Cross-Entropy,LeakyReLU,Sigmoid,He (Kaiming),WIP,0.1,100,Did Not Converge,Binary Decision,30,599059
2025-06-04T14:21:41.141081,2,5.838002,BiggerIsNotBetter,Iris_Two_Class,100.0,0.020233224490782298,0.020233224490782298,"[2, 2, 6, 2, 1]",Binary Cross-Entropy,LeakyReLU,Sigmoid,He (Kaiming),WIP,0.1,100,Did Not Converge,Binary Decision,30,599059
2025-06-04T14:23:13.940070,1,4.686195,All_Defaults,Iris_Two_Class,100.0,0.0004761227736116578,0.0004761227736116578,"[4, 4, 1]",Binary Cross-Entropy,LeakyReLU,Sigmoid,He (Kaiming),WIP,0.1,100,Did Not Converge,Binary Decision,30,599059
2025-06-04T14:23:19.841852,2,5.890511,BiggerIsNotBetter,Iris_Two_Class,100.0,0.020233224490782298,0.020233224490782298,"[2, 2, 6, 2, 1]",Binary Cross-Entropy,LeakyReLU,Sigmoid,He (Kaiming),WIP,0.1,100,Did Not Converge,Binary Decision,30,599059
2025-06-04T14:25:00.692271,1,4.69581,All_Defaults,Iris_Two_Class,100.0,0.0004761227736116578,0.0004761227736116578,"[4, 4, 1]",Binary Cross-Entropy,LeakyReLU,Sigmoid,He (Kaiming),WIP,0.1,100,Did Not Converge,Binary Decision,30,599059
2025-06-04T14:25:06.594967,2,5.891112,BiggerIsNotBetter,Iris_Two_Class,100.0,0.020233224490782298,0.020233224490782298,"[2, 2, 6, 2, 1]",Binary Cross-Entropy,LeakyReLU,Sigmoid,He (Kaiming),WIP,0.1,100,Did Not Converge,Binary Decision,30,599059
2025-06-04T15:20:38.408769,1,5.064229,All_Defaults,Iris_Two_Class,100.0,0.018529634729496536,0.018529634729496536,"[4, 4, 1]",Mean Squared Error,LeakyReLU,None,He (Kaiming),WIP,0.1,100,Did Not Converge,Binary Decision,30,599059
2025-06-04T15:20:44.657170,2,5.007676,All_Defaults,Iris_Two_Class,100.0,0.0004761227736116578,0.0004761227736116578,"[4, 4, 1]",Binary Cross-Entropy,LeakyReLU,Sigmoid,He (Kaiming),WIP,0.1,100,Did Not Converge,Binary Decision,30,599059
2025-06-04T15:20:45.853689,3,1.167705,BiggerIsNotBetter,Iris_Two_Class,100.0,0.015408232437611993,0.015408232437611993,"[2, 2, 6, 2, 1]",Mean Squared Error,LeakyReLU,None,He (Kaiming),WIP,0.1,100,Did Not Converge,Binary Decision,30,599059
2025-06-04T15:20:47.126872,4,1.227224,BiggerIsNotBetter,Iris_Two_Class,100.0,0.020233224490782298,0.020233224490782298,"[2, 2, 6, 2, 1]",Binary Cross-Entropy,LeakyReLU,Sigmoid,He (Kaiming),WIP,0.1,100,Did Not Converge,Binary Decision,30,599059
2025-06-04T15:45:17.637026,1,5.269501,All_Defaults,Iris_Two_Class,100.0,0.018529634729496536,0.018529634729496536,"[4, 4, 1]",Mean Squared Error,LeakyReLU,None,He (Kaiming),WIP,0.1,100,Did Not Converge,Binary Decision,30,599059
2025-06-04T15:45:24.068595,2,5.17477,All_Defaults,Iris_Two_Class,100.0,0.0004761227736116578,0.0004761227736116578,"[4, 4, 1]",Binary Cross-Entropy,LeakyReLU,Sigmoid,He (Kaiming),WIP,0.1,100,Did Not Converge,Binary Decision,30,599059
2025-06-04T15:45:25.269398,3,1.185602,BiggerIsNotBetter,Iris_Two_Class,100.0,0.015408232437611993,0.015408232437611993,"[2, 2, 6, 2, 1]",Mean Squared Error,LeakyReLU,None,He (Kaiming),WIP,0.1,100,Did Not Converge,Binary Decision,30,599059
2025-06-04T15:45:26.604049,4,1.285383,BiggerIsNotBetter,Iris_Two_Class,100.0,0.020233224490782298,0.020233224490782298,"[2, 2, 6, 2, 1]",Binary Cross-Entropy,LeakyReLU,Sigmoid,He (Kaiming),WIP,0.1,100,Did Not Converge,Binary Decision,30,599059
2025-06-04T16:24:05.279761,1,5.384099,All_Defaults,Iris_Two_Class,100.0,0.0004761227736116578,0.0004761227736116578,"[4, 4, 1]",Binary Cross-Entropy,LeakyReLU,Sigmoid,He (Kaiming),WIP,0.1,100,Did Not Converge,Binary Decision,30,599059
2025-06-04T16:24:11.976878,2,5.424599,All_Defaults,Iris_Two_Class,80.0,0.36941226070527766,0.5787124495103008,"[4, 4, 1]",Binary Cross-Entropy with Logits,LeakyReLU,None,He (Kaiming),WIP,0.001,100,Did Not Converge,Binary Decision,30,599059
2025-06-04T16:24:14.341297,3,1.044846,All_Defaults,Iris_Two_Class,43.333333333333336,0.01426234973711021,0.01426234973711021,"[4, 4, 1]",Half Wit Error,LeakyReLU,None,He (Kaiming),WIP,0.1,100,Did Not Converge,Binary Decision,30,599059
2025-06-04T16:24:16.841382,4,1.18078,All_Defaults,Iris_Two_Class,100.0,0.0012300287560464047,0.0012300287560464047,"[4, 4, 1]",Hinge Loss,LeakyReLU,Tanh,He (Kaiming),WIP,0.1,100,Did Not Converge,Binary Decision,30,599059
2025-06-04T16:24:19.362564,5,1.249325,All_Defaults,Iris_Two_Class,43.333333333333336,0.020796067801417618,0.020796067801417618,"[4, 4, 1]",Huber Loss,LeakyReLU,None,He (Kaiming),WIP,0.1,100,Did Not Converge,Binary Decision,30,599059
2025-06-04T16:24:21.818404,6,0.966237,All_Defaults,Iris_Two_Class,43.333333333333336,0.021461064116397397,0.021461064116397397,"[4, 4, 1]",Log-Cosh Loss,LeakyReLU,None,He (Kaiming),WIP,0.1,100,Did Not Converge,Binary Decision,30,599059
2025-06-04T16:24:24.069712,7,0.972851,All_Defaults,Iris_Two_Class,100.0,0.027396671308581543,0.027396671308581543,"[4, 4, 1]",Mean Absolute Error,LeakyReLU,None,He (Kaiming),WIP,0.01,100,Did Not Converge,Binary Decision,30,599059
2025-06-04T16:24:26.315214,8,1.001496,All_Defaults,Iris_Two_Class,100.0,0.018529634729496536,0.018529634729496536,"[4, 4, 1]",Mean Squared Error,LeakyReLU,None,He (Kaiming),WIP,0.1,100,Did Not Converge,Binary Decision,30,599059
2025-06-04T16:24:27.590695,9,1.239337,BiggerIsNotBetter,Iris_Two_Class,100.0,0.020233224490782298,0.020233224490782298,"[2, 2, 6, 2, 1]",Binary Cross-Entropy,LeakyReLU,Sigmoid,He (Kaiming),WIP,0.1,100,Did Not Converge,Binary Decision,30,599059
2025-06-04T16:24:28.921280,10,1.287417,BiggerIsNotBetter,Iris_Two_Class,100.0,0.49640038919791163,6.05963602350857,"[2, 2, 6, 2, 1]",Binary Cross-Entropy with Logits,LeakyReLU,None,He (Kaiming),WIP,0.1,100,Did Not Converge,Binary Decision,30,599059
2025-06-04T16:24:30.169266,11,1.195292,BiggerIsNotBetter,Iris_Two_Class,43.333333333333336,0.030239198601047332,0.030462568945974534,"[2, 2, 6, 2, 1]",Half Wit Error,LeakyReLU,None,He (Kaiming),WIP,0.1,100,Did Not Converge,Binary Decision,30,599059
2025-06-04T16:24:31.440984,12,1.227013,BiggerIsNotBetter,Iris_Two_Class,100.0,0.01679669023668221,0.01679669023668221,"[2, 2, 6, 2, 1]",Hinge Loss,LeakyReLU,Tanh,He (Kaiming),WIP,0.1,100,Did Not Converge,Binary Decision,30,599059
2025-06-04T16:24:32.696832,13,1.199496,BiggerIsNotBetter,Iris_Two_Class,43.333333333333336,0.030269811330983477,0.030269811330983477,"[2, 2, 6, 2, 1]",Huber Loss,LeakyReLU,None,He (Kaiming),WIP,0.1,100,Did Not Converge,Binary Decision,30,599059
2025-06-04T16:24:33.928396,14,1.181544,BiggerIsNotBetter,Iris_Two_Class,43.333333333333336,0.03167086863915821,0.03167086863915821,"[2, 2, 6, 2, 1]",Log-Cosh Loss,LeakyReLU,None,He (Kaiming),WIP,0.1,100,Did Not Converge,Binary Decision,30,599059
2025-06-04T16:24:35.197039,15,1.225037,BiggerIsNotBetter,Iris_Two_Class,56.666666666666664,0.48338634174040906,0.4833921786452571,"[2, 2, 6, 2, 1]",Mean Absolute Error,LeakyReLU,None,He (Kaiming),WIP,0.1,100,Did Not Converge,Binary Decision,30,599059
2025-06-04T16:24:36.521142,16,1.274939,BiggerIsNotBetter,Iris_Two_Class,100.0,0.015408232437611993,0.015408232437611993,"[2, 2, 6, 2, 1]",Mean Squared Error,LeakyReLU,None,He (Kaiming),WIP,0.1,100,Did Not Converge,Binary Decision,30,599059
2025-06-04T16:27:02.896050,1,1.037396,All_Defaults,Iris_Two_Class,100.0,0.0004761227736116578,0.0004761227736116578,"[4, 4, 1]",Binary Cross-Entropy,LeakyReLU,Sigmoid,He (Kaiming),WIP,0.1,100,Did Not Converge,Binary Decision,30,599059
2025-06-04T16:27:05.281505,2,1.016398,All_Defaults,Iris_Two_Class,80.0,0.36941226070527766,0.5787124495103008,"[4, 4, 1]",Binary Cross-Entropy with Logits,LeakyReLU,None,He (Kaiming),WIP,0.001,100,Did Not Converge,Binary Decision,30,599059
2025-06-04T16:27:07.510047,3,0.933631,All_Defaults,Iris_Two_Class,43.333333333333336,0.01426234973711021,0.01426234973711021,"[4, 4, 1]",Half Wit Error,LeakyReLU,None,He (Kaiming),WIP,0.1,100,Did Not Converge,Binary Decision,30,599059
2025-06-04T16:27:09.818575,4,0.981488,All_Defaults,Iris_Two_Class,100.0,0.0012300287560464047,0.0012300287560464047,"[4, 4, 1]",Hinge Loss,LeakyReLU,Tanh,He (Kaiming),WIP,0.1,100,Did Not Converge,Binary Decision,30,599059
2025-06-04T16:27:12.026002,5,0.962513,All_Defaults,Iris_Two_Class,43.333333333333336,0.020796067801417618,0.020796067801417618,"[4, 4, 1]",Huber Loss,LeakyReLU,None,He (Kaiming),WIP,0.1,100,Did Not Converge,Binary Decision,30,599059
2025-06-04T16:27:14.526491,6,1.233908,All_Defaults,Iris_Two_Class,43.333333333333336,0.021461064116397397,0.021461064116397397,"[4, 4, 1]",Log-Cosh Loss,LeakyReLU,None,He (Kaiming),WIP,0.1,100,Did Not Converge,Binary Decision,30,599059
2025-06-04T16:27:16.745954,7,0.932108,All_Defaults,Iris_Two_Class,100.0,0.027396671308581543,0.027396671308581543,"[4, 4, 1]",Mean Absolute Error,LeakyReLU,None,He (Kaiming),WIP,0.01,100,Did Not Converge,Binary Decision,30,599059
2025-06-04T16:27:18.973376,8,0.955962,All_Defaults,Iris_Two_Class,100.0,0.018529634729496536,0.018529634729496536,"[4, 4, 1]",Mean Squared Error,LeakyReLU,None,He (Kaiming),WIP,0.1,100,Did Not Converge,Binary Decision,30,599059
2025-06-04T16:27:20.310873,9,1.28842,BiggerIsNotBetter,Iris_Two_Class,100.0,0.020233224490782298,0.020233224490782298,"[2, 2, 6, 2, 1]",Binary Cross-Entropy,LeakyReLU,Sigmoid,He (Kaiming),WIP,0.1,100,Did Not Converge,Binary Decision,30,599059
2025-06-04T16:27:21.667902,10,1.286068,BiggerIsNotBetter,Iris_Two_Class,100.0,0.49640038919791163,6.05963602350857,"[2, 2, 6, 2, 1]",Binary Cross-Entropy with Logits,LeakyReLU,None,He (Kaiming),WIP,0.1,100,Did Not Converge,Binary Decision,30,599059
2025-06-04T16:27:22.903538,11,1.178486,BiggerIsNotBetter,Iris_Two_Class,43.333333333333336,0.030239198601047332,0.030462568945974534,"[2, 2, 6, 2, 1]",Half Wit Error,LeakyReLU,None,He (Kaiming),WIP,0.1,100,Did Not Converge,Binary Decision,30,599059
2025-06-04T16:27:24.156423,12,1.202267,BiggerIsNotBetter,Iris_Two_Class,100.0,0.01679669023668221,0.01679669023668221,"[2, 2, 6, 2, 1]",Hinge Loss,LeakyReLU,Tanh,He (Kaiming),WIP,0.1,100,Did Not Converge,Binary Decision,30,599059
2025-06-04T16:27:25.588448,13,1.377763,BiggerIsNotBetter,Iris_Two_Class,43.333333333333336,0.030269811330983477,0.030269811330983477,"[2, 2, 6, 2, 1]",Huber Loss,LeakyReLU,None,He (Kaiming),WIP,0.1,100,Did Not Converge,Binary Decision,30,599059
2025-06-04T16:27:26.802001,14,1.149653,BiggerIsNotBetter,Iris_Two_Class,43.333333333333336,0.03167086863915821,0.03167086863915821,"[2, 2, 6, 2, 1]",Log-Cosh Loss,LeakyReLU,None,He (Kaiming),WIP,0.1,100,Did Not Converge,Binary Decision,30,599059
2025-06-04T16:27:28.057116,15,1.210362,BiggerIsNotBetter,Iris_Two_Class,56.666666666666664,0.48338634174040906,0.4833921786452571,"[2, 2, 6, 2, 1]",Mean Absolute Error,LeakyReLU,None,He (Kaiming),WIP,0.1,100,Did Not Converge,Binary Decision,30,599059
2025-06-04T16:27:29.394597,16,1.284158,BiggerIsNotBetter,Iris_Two_Class,100.0,0.015408232437611993,0.015408232437611993,"[2, 2, 6, 2, 1]",Mean Squared Error,LeakyReLU,None,He (Kaiming),WIP,0.1,100,Did Not Converge,Binary Decision,30,599059
2025-06-04T16:34:04.070359,1,0.949581,All_Defaults,Titanic,56.666666666666664,0.15925099198232837,0.36809693471144783,"[4, 4, 1]",Binary Cross-Entropy,LeakyReLU,Sigmoid,He (Kaiming),WIP,0.1,100,Did Not Converge,Binary Decision,30,599059
2025-06-04T16:34:05.943775,2,0.980701,All_Defaults,Titanic,53.333333333333336,0.4666666666666667,0.4666666666666667,"[4, 4, 1]",Binary Cross-Entropy,LeakyReLU,Sigmoid,Large Random,WIP,1e-06,100,Did Not Converge,Binary Decision,30,599059
2025-06-04T16:34:07.741864,3,0.966839,All_Defaults,Titanic,60.0,0.4627180156289405,0.46273216817782675,"[4, 4, 1]",Binary Cross-Entropy,LeakyReLU,Sigmoid,Xavier Kill ReLU,WIP,1e-06,100,Did Not Converge,Binary Decision,30,599059
2025-06-04T16:34:09.911280,4,0.917239,All_Defaults,Titanic,86.66666666666667,0.19087387016733595,0.19206220940468424,"[4, 4, 1]",Binary Cross-Entropy,LeakyReLU,Sigmoid,LeCun,WIP,0.1,100,Did Not Converge,Binary Decision,30,599059
2025-06-04T16:34:12.136479,5,0.965882,All_Defaults,Titanic,86.66666666666667,0.19583837171053345,0.19661756677825906,"[4, 4, 1]",Binary Cross-Entropy,LeakyReLU,Sigmoid,Normal Random,WIP,0.1,100,Did Not Converge,Binary Decision,30,599059
2025-06-04T16:34:14.404963,6,1.015571,All_Defaults,Titanic,60.0,0.4850969791479643,0.48509698107123916,"[4, 4, 1]",Binary Cross-Entropy,LeakyReLU,Sigmoid,Small Random,WIP,0.1,100,Did Not Converge,Binary Decision,30,599059
2025-06-04T16:34:16.253096,7,0.985767,All_Defaults,Titanic,60.0,0.435612498118765,0.43563288199355216,"[4, 4, 1]",Binary Cross-Entropy,LeakyReLU,Sigmoid,Uniform Random,WIP,1e-06,100,Did Not Converge,Binary Decision,30,599059
2025-06-04T16:34:18.064258,8,0.967319,All_Defaults,Titanic,60.0,0.413323742718909,0.41335674733552163,"[4, 4, 1]",Binary Cross-Entropy,LeakyReLU,Sigmoid,Xavier (Glorot),WIP,1e-06,100,Did Not Converge,Binary Decision,30,599059
2025-06-04T16:34:19.713135,9,0.701874,All_Defaults,Titanic,76.66666666666667,0.2763218271772294,0.2763218271772294,"[4, 4, 1]",Binary Cross-Entropy,None,Sigmoid,He (Kaiming),WIP,0.1,100,Did Not Converge,Binary Decision,30,599059
2025-06-04T16:34:21.035839,10,0.708961,All_Defaults,Titanic,63.33333333333333,0.36666666666666664,0.36666666666666664,"[4, 4, 1]",Binary Cross-Entropy,None,Sigmoid,Large Random,WIP,1e-06,100,Did Not Converge,Binary Decision,30,599059
2025-06-04T16:34:22.666032,11,0.699071,All_Defaults,Titanic,76.66666666666667,0.27969229830473613,0.27969229830473613,"[4, 4, 1]",Binary Cross-Entropy,None,Sigmoid,Xavier Kill ReLU,WIP,0.1,100,Did Not Converge,Binary Decision,30,599059
2025-06-04T16:34:24.221428,12,0.635101,All_Defaults,Titanic,76.66666666666667,0.27543301677728194,0.27543301677728194,"[4, 4, 1]",Binary Cross-Entropy,None,Sigmoid,LeCun,WIP,0.1,100,Did Not Converge,Binary Decision,30,599059
2025-06-04T16:34:25.894597,13,0.726244,All_Defaults,Titanic,73.33333333333333,0.2662103137527977,0.2662103137527977,"[4, 4, 1]",Binary Cross-Entropy,None,Sigmoid,Normal Random,WIP,0.01,100,Did Not Converge,Binary Decision,30,599059
2025-06-04T16:34:27.483289,14,0.661005,All_Defaults,Titanic,60.0,0.4850964863411571,0.4850964863411571,"[4, 4, 1]",Binary Cross-Entropy,None,Sigmoid,Small Random,WIP,0.1,100,Did Not Converge,Binary Decision,30,599059
2025-06-04T16:34:29.169163,15,0.722394,All_Defaults,Titanic,76.66666666666667,0.27584323152532253,0.27584323152532253,"[4, 4, 1]",Binary Cross-Entropy,None,Sigmoid,Uniform Random,WIP,0.1,100,Did Not Converge,Binary Decision,30,599059
2025-06-04T16:34:30.899874,16,0.702452,All_Defaults,Titanic,76.66666666666667,0.2760948700861362,0.2760948700861362,"[4, 4, 1]",Binary Cross-Entropy,None,Sigmoid,Xavier (Glorot),WIP,0.1,100,Did Not Converge,Binary Decision,30,599059
2025-06-04T16:34:32.818631,17,0.828537,All_Defaults,Titanic,86.66666666666667,0.19726770568369795,0.19769770424849029,"[4, 4, 1]",Binary Cross-Entropy,ReLU,Sigmoid,He (Kaiming),WIP,0.1,100,Did Not Converge,Binary Decision,30,599059
2025-06-04T16:34:34.700912,18,0.94383,All_Defaults,Titanic,56.666666666666664,0.43333333333333335,0.43333333333333335,"[4, 4, 1]",Binary Cross-Entropy,ReLU,Sigmoid,Large Random,WIP,1e-06,100,Did Not Converge,Binary Decision,30,599059
2025-06-04T16:34:36.521730,19,0.959028,All_Defaults,Titanic,60.0,0.45378853035900957,0.4538038331982936,"[4, 4, 1]",Binary Cross-Entropy,ReLU,Sigmoid,Xavier Kill ReLU,WIP,1e-06,100,Did Not Converge,Binary Decision,30,599059
2025-06-04T16:34:38.564332,20,0.856791,All_Defaults,Titanic,86.66666666666667,0.1901724109501554,0.19065510654188675,"[4, 4, 1]",Binary Cross-Entropy,ReLU,Sigmoid,LeCun,WIP,0.1,100,Did Not Converge,Binary Decision,30,599059
2025-06-04T16:34:40.682620,21,0.92925,All_Defaults,Titanic,86.66666666666667,0.19125937858098946,0.19950992798894146,"[4, 4, 1]",Binary Cross-Entropy,ReLU,Sigmoid,Normal Random,WIP,0.1,100,Did Not Converge,Binary Decision,30,599059
2025-06-04T16:34:42.828799,22,0.917553,All_Defaults,Titanic,60.0,0.4850969781143342,0.4850969807204528,"[4, 4, 1]",Binary Cross-Entropy,ReLU,Sigmoid,Small Random,WIP,0.1,100,Did Not Converge,Binary Decision,30,599059
2025-06-04T16:34:44.529105,23,0.913886,All_Defaults,Titanic,60.0,0.4355244167596146,0.4355448672392083,"[4, 4, 1]",Binary Cross-Entropy,ReLU,Sigmoid,Uniform Random,WIP,1e-06,100,Did Not Converge,Binary Decision,30,599059
2025-06-04T16:34:46.234463,24,0.929585,All_Defaults,Titanic,60.0,0.41319921005679394,0.4132319380447133,"[4, 4, 1]",Binary Cross-Entropy,ReLU,Sigmoid,Xavier (Glorot),WIP,1e-06,100,Did Not Converge,Binary Decision,30,599059
2025-06-04T16:34:48.150631,25,0.863577,All_Defaults,Titanic,76.66666666666667,0.29049682821520556,0.29049682821520556,"[4, 4, 1]",Binary Cross-Entropy,Sigmoid,Sigmoid,He (Kaiming),WIP,0.1,100,Did Not Converge,Binary Decision,30,599059
2025-06-04T16:34:50.907498,26,0.868544,All_Defaults,Titanic,63.33333333333333,0.3700738442926386,0.3700738442926386,"[4, 4, 1]",Binary Cross-Entropy,Sigmoid,Sigmoid,Large Random,WIP,0.1,100,Did Not Converge,Binary Decision,30,599059
2025-06-04T16:34:52.504162,27,0.830854,All_Defaults,Titanic,60.0,0.4439382896697543,0.4439634273979556,"[4, 4, 1]",Binary Cross-Entropy,Sigmoid,Sigmoid,Xavier Kill ReLU,WIP,1e-06,100,Did Not Converge,Binary Decision,30,599059
2025-06-04T16:34:54.386155,28,0.782452,All_Defaults,Titanic,76.66666666666667,0.29596616944059406,0.29596616944059406,"[4, 4, 1]",Binary Cross-Entropy,Sigmoid,Sigmoid,LeCun,WIP,0.1,100,Did Not Converge,Binary Decision,30,599059
2025-06-04T16:34:56.190544,29,0.780882,All_Defaults,Titanic,80.0,0.2702024367851023,0.2702024367851023,"[4, 4, 1]",Binary Cross-Entropy,Sigmoid,Sigmoid,Normal Random,WIP,0.1,100,Did Not Converge,Binary Decision,30,599059
2025-06-04T16:34:57.954533,30,0.730934,All_Defaults,Titanic,60.0,0.481123258500783,0.481123258500783,"[4, 4, 1]",Binary Cross-Entropy,Sigmoid,Sigmoid,Small Random,WIP,0.01,100,Did Not Converge,Binary Decision,30,599059
2025-06-04T16:34:59.500644,31,0.809425,All_Defaults,Titanic,60.0,0.42333661090504465,0.4233748104020565,"[4, 4, 1]",Binary Cross-Entropy,Sigmoid,Sigmoid,Uniform Random,WIP,1e-06,100,Did Not Converge,Binary Decision,30,599059
2025-06-04T16:35:01.068233,32,0.816827,All_Defaults,Titanic,60.0,0.4095599871011114,0.4095820122540692,"[4, 4, 1]",Binary Cross-Entropy,Sigmoid,Sigmoid,Xavier (Glorot),WIP,1e-06,100,Did Not Converge,Binary Decision,30,599059
2025-06-04T16:35:03.068981,33,0.860507,All_Defaults,Titanic,80.0,0.22037365273635448,0.22037365273635448,"[4, 4, 1]",Binary Cross-Entropy,Tanh,Sigmoid,He (Kaiming),WIP,0.1,100,Did Not Converge,Binary Decision,30,599059
2025-06-04T16:35:04.651568,34,0.825548,All_Defaults,Titanic,56.666666666666664,0.43333333333333335,0.43333333333333335,"[4, 4, 1]",Binary Cross-Entropy,Tanh,Sigmoid,Large Random,WIP,1e-06,100,Did Not Converge,Binary Decision,30,599059
2025-06-04T16:35:06.496870,35,0.775997,All_Defaults,Titanic,90.0,0.1925585030512438,0.1925585030512438,"[4, 4, 1]",Binary Cross-Entropy,Tanh,Sigmoid,Xavier Kill ReLU,WIP,0.1,100,Did Not Converge,Binary Decision,30,599059
2025-06-04T16:35:08.411164,36,0.804219,All_Defaults,Titanic,80.0,0.21134810071030338,0.21134810071030338,"[4, 4, 1]",Binary Cross-Entropy,Tanh,Sigmoid,LeCun,WIP,0.1,100,Did Not Converge,Binary Decision,30,599059
2025-06-04T16:35:10.243288,37,0.791978,All_Defaults,Titanic,96.66666666666667,0.07293742137911506,0.07293742137911506,"[4, 4, 1]",Binary Cross-Entropy,Tanh,Sigmoid,Normal Random,WIP,0.1,100,Did Not Converge,Binary Decision,30,599059
2025-06-04T16:35:12.009777,38,0.769242,All_Defaults,Titanic,60.0,0.4850965255834684,0.4850965255834684,"[4, 4, 1]",Binary Cross-Entropy,Tanh,Sigmoid,Small Random,WIP,0.1,100,Did Not Converge,Binary Decision,30,599059
2025-06-04T16:35:13.855476,39,0.786927,All_Defaults,Titanic,80.0,0.21667927836038597,0.21667927836038597,"[4, 4, 1]",Binary Cross-Entropy,Tanh,Sigmoid,Uniform Random,WIP,0.1,100,Did Not Converge,Binary Decision,30,599059
2025-06-04T16:35:15.316027,40,0.772474,All_Defaults,Titanic,60.0,0.44972995500601287,0.4497504624160265,"[4, 4, 1]",Binary Cross-Entropy,Tanh,Sigmoid,Xavier (Glorot),WIP,1e-06,100,Did Not Converge,Binary Decision,30,599059
2025-06-04T16:35:17.598492,41,0.985677,All_Defaults,Titanic,53.333333333333336,0.45523317610520936,0.6270044155890886,"[4, 4, 1]",Binary Cross-Entropy with Logits,LeakyReLU,None,He (Kaiming),WIP,0.001,100,Did Not Converge,Binary Decision,30,599059
2025-06-04T16:35:19.695932,42,1.01307,All_Defaults,Titanic,83.33333333333334,83837032066.51399,85825072067.38803,"[4, 4, 1]",Binary Cross-Entropy with Logits,LeakyReLU,None,Large Random,WIP,9.999999999999999e-06,100,Did Not Converge,Binary Decision,30,599059
2025-06-04T16:35:22.024272,43,1.00431,All_Defaults,Titanic,60.0,0.8061348733662751,0.8061348733662751,"[4, 4, 1]",Binary Cross-Entropy with Logits,LeakyReLU,None,Xavier Kill ReLU,WIP,0.1,100,Did Not Converge,Binary Decision,30,599059
2025-06-04T16:35:24.285595,44,0.940481,All_Defaults,Titanic,80.0,0.4007268541032917,1.1999803873564683,"[4, 4, 1]",Binary Cross-Entropy with Logits,LeakyReLU,None,LeCun,WIP,0.01,100,Did Not Converge,Binary Decision,30,599059
2025-06-04T16:35:26.555543,45,0.971742,All_Defaults,Titanic,50.0,0.6422285702641112,0.6788603607688958,"[4, 4, 1]",Binary Cross-Entropy with Logits,LeakyReLU,None,Normal Random,WIP,0.001,100,Did Not Converge,Binary Decision,30,599059
2025-06-04T16:35:28.818415,46,0.942893,All_Defaults,Titanic,60.0,0.40003627502846206,0.41744772378361134,"[4, 4, 1]",Binary Cross-Entropy with Logits,LeakyReLU,None,Small Random,WIP,9.999999999999999e-05,100,Did Not Converge,Binary Decision,30,599059
2025-06-04T16:35:31.177956,47,0.98773,All_Defaults,Titanic,80.0,1.1634999154434356,1.6764649117799517,"[4, 4, 1]",Binary Cross-Entropy with Logits,LeakyReLU,None,Uniform Random,WIP,0.01,100,Did Not Converge,Binary Decision,30,599059
2025-06-04T16:35:33.485446,48,0.999806,All_Defaults,Titanic,76.66666666666667,1.1510566052292546,1.5966428452299235,"[4, 4, 1]",Binary Cross-Entropy with Logits,LeakyReLU,None,Xavier (Glorot),WIP,0.01,100,Did Not Converge,Binary Decision,30,599059
2025-06-04T16:35:35.140326,49,0.674248,All_Defaults,Titanic,80.0,0.7056036341714582,1.1642061456279864,"[4, 4, 1]",Binary Cross-Entropy with Logits,None,None,He (Kaiming),WIP,0.001,100,Did Not Converge,Binary Decision,30,599059
2025-06-04T16:35:36.764853,50,0.757922,All_Defaults,Titanic,80.0,1342843601.4033678,6307333075.991174,"[4, 4, 1]",Binary Cross-Entropy with Logits,None,None,Large Random,WIP,9.999999999999999e-06,100,Did Not Converge,Binary Decision,30,599059
2025-06-04T16:35:38.580403,51,0.816028,All_Defaults,Titanic,76.66666666666667,0.8450677800037457,2.1838367258660267,"[4, 4, 1]",Binary Cross-Entropy with Logits,None,None,Xavier Kill ReLU,WIP,0.01,100,Did Not Converge,Binary Decision,30,599059
2025-06-04T16:35:40.372661,52,0.757006,All_Defaults,Titanic,76.66666666666667,0.48980225091350316,0.9121607575058323,"[4, 4, 1]",Binary Cross-Entropy with Logits,None,None,LeCun,WIP,0.001,100,Did Not Converge,Binary Decision,30,599059
2025-06-04T16:35:42.051833,53,0.683552,All_Defaults,Titanic,80.0,1.22875536181973,1.4739645496236402,"[4, 4, 1]",Binary Cross-Entropy with Logits,None,None,Normal Random,WIP,0.001,100,Did Not Converge,Binary Decision,30,599059
2025-06-04T16:35:43.785928,54,0.751477,All_Defaults,Titanic,60.0,0.4000434767274919,0.41684257404678865,"[4, 4, 1]",Binary Cross-Entropy with Logits,None,None,Small Random,WIP,9.999999999999999e-05,100,Did Not Converge,Binary Decision,30,599059
2025-06-04T16:35:45.492084,55,0.730099,All_Defaults,Titanic,70.0,0.5643329491228052,0.6258257937650133,"[4, 4, 1]",Binary Cross-Entropy with Logits,None,None,Uniform Random,WIP,9.999999999999999e-05,100,Did Not Converge,Binary Decision,30,599059
2025-06-04T16:35:47.149392,56,0.718595,All_Defaults,Titanic,80.0,0.6302782954386064,1.047161196193249,"[4, 4, 1]",Binary Cross-Entropy with Logits,None,None,Xavier (Glorot),WIP,0.001,100,Did Not Converge,Binary Decision,30,599059
2025-06-04T16:35:49.184232,57,0.874816,All_Defaults,Titanic,56.666666666666664,0.44959589815752893,0.5924422423029607,"[4, 4, 1]",Binary Cross-Entropy with Logits,ReLU,None,He (Kaiming),WIP,0.001,100,Did Not Converge,Binary Decision,30,599059
2025-06-04T16:35:51.236767,58,0.836779,All_Defaults,Titanic,60.0,0.40051084635287426,0.6041198336069572,"[4, 4, 1]",Binary Cross-Entropy with Logits,ReLU,None,Large Random,WIP,0.001,100,Did Not Converge,Binary Decision,30,599059
2025-06-04T16:35:53.298126,59,0.876395,All_Defaults,Titanic,60.0,0.8061584159886844,0.8061584159886844,"[4, 4, 1]",Binary Cross-Entropy with Logits,ReLU,None,Xavier Kill ReLU,WIP,0.1,100,Did Not Converge,Binary Decision,30,599059
2025-06-04T16:35:55.350293,60,0.889895,All_Defaults,Titanic,80.0,0.3998231592290064,0.7112504659045072,"[4, 4, 1]",Binary Cross-Entropy with Logits,ReLU,None,LeCun,WIP,0.01,100,Did Not Converge,Binary Decision,30,599059
2025-06-04T16:35:57.351883,61,0.86665,All_Defaults,Titanic,50.0,0.6194178752031873,0.6471175867156319,"[4, 4, 1]",Binary Cross-Entropy with Logits,ReLU,None,Normal Random,WIP,0.001,100,Did Not Converge,Binary Decision,30,599059
2025-06-04T16:35:59.430973,62,0.889626,All_Defaults,Titanic,60.0,0.4000358026167562,0.41745456302366185,"[4, 4, 1]",Binary Cross-Entropy with Logits,ReLU,None,Small Random,WIP,9.999999999999999e-05,100,Did Not Converge,Binary Decision,30,599059
2025-06-04T16:36:01.422477,63,0.826059,All_Defaults,Titanic,80.0,1.1559192484984513,1.654550425179384,"[4, 4, 1]",Binary Cross-Entropy with Logits,ReLU,None,Uniform Random,WIP,0.01,100,Did Not Converge,Binary Decision,30,599059
2025-06-04T16:36:03.466946,64,0.878029,All_Defaults,Titanic,80.0,1.159227827810486,1.5356033346803784,"[4, 4, 1]",Binary Cross-Entropy with Logits,ReLU,None,Xavier (Glorot),WIP,0.01,100,Did Not Converge,Binary Decision,30,599059
2025-06-04T16:36:05.177403,65,0.702911,All_Defaults,Titanic,60.0,0.4114233592149082,0.8116773552364162,"[4, 4, 1]",Binary Cross-Entropy with Logits,Sigmoid,None,He (Kaiming),WIP,0.01,100,Did Not Converge,Binary Decision,30,599059
2025-06-04T16:36:07.012509,66,0.776542,All_Defaults,Titanic,60.0,7351.359343952956,7351.359343952956,"[4, 4, 1]",Binary Cross-Entropy with Logits,Sigmoid,None,Large Random,WIP,0.1,100,Did Not Converge,Binary Decision,30,599059
2025-06-04T16:36:08.799829,67,0.763713,All_Defaults,Titanic,60.0,0.7958811809085138,0.8133083043402646,"[4, 4, 1]",Binary Cross-Entropy with Logits,Sigmoid,None,Xavier Kill ReLU,WIP,0.1,100,Did Not Converge,Binary Decision,30,599059
2025-06-04T16:36:10.520845,68,0.699396,All_Defaults,Titanic,40.0,0.41456604316388496,0.41456604316388496,"[4, 4, 1]",Binary Cross-Entropy with Logits,Sigmoid,None,LeCun,WIP,0.001,100,Did Not Converge,Binary Decision,30,599059
2025-06-04T16:36:12.300513,69,0.764546,All_Defaults,Titanic,60.0,0.4167759404155679,0.8187528441606429,"[4, 4, 1]",Binary Cross-Entropy with Logits,Sigmoid,None,Normal Random,WIP,0.01,100,Did Not Converge,Binary Decision,30,599059
2025-06-04T16:36:13.857686,70,0.700186,All_Defaults,Titanic,40.0,0.4005420207244975,0.4005420207244975,"[4, 4, 1]",Binary Cross-Entropy with Logits,Sigmoid,None,Small Random,WIP,9.999999999999999e-06,100,Did Not Converge,Binary Decision,30,599059
2025-06-04T16:36:15.639270,71,0.755125,All_Defaults,Titanic,73.33333333333333,0.8134554021071448,1.5196198083730577,"[4, 4, 1]",Binary Cross-Entropy with Logits,Sigmoid,None,Uniform Random,WIP,0.1,100,Did Not Converge,Binary Decision,30,599059
2025-06-04T16:36:17.375207,72,0.705707,All_Defaults,Titanic,73.33333333333333,0.8136576067066543,1.536559912887131,"[4, 4, 1]",Binary Cross-Entropy with Logits,Sigmoid,None,Xavier (Glorot),WIP,0.1,100,Did Not Converge,Binary Decision,30,599059
2025-06-04T16:36:19.187157,73,0.778279,All_Defaults,Titanic,70.0,0.49717191772796365,0.7686273313239766,"[4, 4, 1]",Binary Cross-Entropy with Logits,Tanh,None,He (Kaiming),WIP,0.001,100,Did Not Converge,Binary Decision,30,599059
2025-06-04T16:36:21.046895,74,0.792696,All_Defaults,Titanic,63.33333333333333,4120.046013910744,8396.838861741868,"[4, 4, 1]",Binary Cross-Entropy with Logits,Tanh,None,Large Random,WIP,0.01,100,Did Not Converge,Binary Decision,30,599059
2025-06-04T16:36:22.803907,75,0.760422,All_Defaults,Titanic,86.66666666666667,1.066233263893938,1.6290329222575182,"[4, 4, 1]",Binary Cross-Entropy with Logits,Tanh,None,Xavier Kill ReLU,WIP,0.01,100,Did Not Converge,Binary Decision,30,599059
2025-06-04T16:36:24.615306,76,0.781158,All_Defaults,Titanic,66.66666666666666,0.46219586337712654,0.7374073655407063,"[4, 4, 1]",Binary Cross-Entropy with Logits,Tanh,None,LeCun,WIP,0.001,100,Did Not Converge,Binary Decision,30,599059
2025-06-04T16:36:26.368815,77,0.716087,All_Defaults,Titanic,70.0,0.6184598542964515,0.8196065237744034,"[4, 4, 1]",Binary Cross-Entropy with Logits,Tanh,None,Normal Random,WIP,0.001,100,Did Not Converge,Binary Decision,30,599059
2025-06-04T16:36:28.196133,78,0.772031,All_Defaults,Titanic,60.0,0.4000434281257196,0.416842909767626,"[4, 4, 1]",Binary Cross-Entropy with Logits,Tanh,None,Small Random,WIP,9.999999999999999e-05,100,Did Not Converge,Binary Decision,30,599059
2025-06-04T16:36:30.008204,79,0.767319,All_Defaults,Titanic,80.0,0.7918409145764465,1.5405649832260193,"[4, 4, 1]",Binary Cross-Entropy with Logits,Tanh,None,Uniform Random,WIP,0.01,100,Did Not Converge,Binary Decision,30,599059
2025-06-04T16:36:31.756986,80,0.755704,All_Defaults,Titanic,80.0,0.8253304829439485,1.534202461354766,"[4, 4, 1]",Binary Cross-Entropy with Logits,Tanh,None,Xavier (Glorot),WIP,0.01,100,Did Not Converge,Binary Decision,30,599059
2025-06-04T16:36:34.000742,81,0.960647,All_Defaults,Titanic,40.0,0.28419830347211483,0.29972718581167623,"[4, 4, 1]",Half Wit Error,LeakyReLU,None,He (Kaiming),WIP,0.1,100,Did Not Converge,Binary Decision,30,599059
2025-06-04T16:36:34.207777,82,0.004915,All_Defaults,Titanic,6.666666666666667,3.5028094911039468e+19,3.5028094911039468e+19,"[4, 4, 1]",Half Wit Error,LeakyReLU,None,Large Random,WIP,1.0000000000000005e-14,1,Gradient Explosion,Binary Decision,30,599059
2025-06-04T16:36:36.439352,83,0.934333,All_Defaults,Titanic,40.0,0.49239579895847296,0.49239579895847296,"[4, 4, 1]",Half Wit Error,LeakyReLU,None,Xavier Kill ReLU,WIP,0.1,100,Did Not Converge,Binary Decision,30,599059
2025-06-04T16:36:38.710018,84,0.977564,All_Defaults,Titanic,40.0,0.2710864313230441,0.29639974310291667,"[4, 4, 1]",Half Wit Error,LeakyReLU,None,LeCun,WIP,0.1,100,Did Not Converge,Binary Decision,30,599059
2025-06-04T16:36:40.919541,85,0.91406,All_Defaults,Titanic,40.0,0.4201349165399869,0.42039450000744183,"[4, 4, 1]",Half Wit Error,LeakyReLU,None,Normal Random,WIP,0.01,100,Did Not Converge,Binary Decision,30,599059
2025-06-04T16:36:42.881337,86,1.030427,All_Defaults,Titanic,40.0,0.4024134647976848,0.40264357990967076,"[4, 4, 1]",Half Wit Error,LeakyReLU,None,Small Random,WIP,1e-06,100,Did Not Converge,Binary Decision,30,599059
2025-06-04T16:36:45.150528,87,0.921881,All_Defaults,Titanic,40.0,0.2683127901441737,0.2683127901441737,"[4, 4, 1]",Half Wit Error,LeakyReLU,None,Uniform Random,WIP,0.1,100,Did Not Converge,Binary Decision,30,599059
2025-06-04T16:36:47.439959,88,0.954774,All_Defaults,Titanic,40.0,0.29216323519621157,0.29216323519621157,"[4, 4, 1]",Half Wit Error,LeakyReLU,None,Xavier (Glorot),WIP,0.1,100,Did Not Converge,Binary Decision,30,599059
2025-06-04T16:36:49.447707,89,0.707072,All_Defaults,Titanic,40.0,0.2865965868571473,0.2865965868571473,"[4, 4, 1]",Half Wit Error,None,None,He (Kaiming),WIP,0.001,100,Did Not Converge,Binary Decision,30,599059
2025-06-04T16:36:49.667469,90,0.004468,All_Defaults,Titanic,0.0,9.391763147037202e+20,9.391763147037202e+20,"[4, 4, 1]",Half Wit Error,None,None,Large Random,WIP,1.0000000000000003e-11,1,Gradient Explosion,Binary Decision,30,599059
2025-06-04T16:36:51.350730,91,0.668281,All_Defaults,Titanic,10.0,0.863714497499264,0.863714497499264,"[4, 4, 1]",Half Wit Error,None,None,Xavier Kill ReLU,WIP,9.999999999999999e-05,100,Did Not Converge,Binary Decision,30,599059
2025-06-04T16:36:53.013811,92,0.707278,All_Defaults,Titanic,40.0,0.30124375471434234,0.30124375471434234,"[4, 4, 1]",Half Wit Error,None,None,LeCun,WIP,0.01,100,Did Not Converge,Binary Decision,30,599059
2025-06-04T16:36:54.867212,93,0.700046,All_Defaults,Titanic,40.0,0.28450056113880096,0.29527440516969844,"[4, 4, 1]",Half Wit Error,None,None,Normal Random,WIP,0.001,100,Did Not Converge,Binary Decision,30,599059
2025-06-04T16:36:56.179972,94,0.68562,All_Defaults,Titanic,40.0,0.4025580935067733,0.40278835073525193,"[4, 4, 1]",Half Wit Error,None,None,Small Random,WIP,1e-06,100,Did Not Converge,Binary Decision,30,599059
2025-06-04T16:36:57.660756,95,0.637073,All_Defaults,Titanic,40.0,0.2886998537207337,0.2886998537207337,"[4, 4, 1]",Half Wit Error,None,None,Uniform Random,WIP,0.01,100,Did Not Converge,Binary Decision,30,599059
2025-06-04T16:36:59.609563,96,0.639715,All_Defaults,Titanic,40.0,0.30405987249550875,0.30405987249550875,"[4, 4, 1]",Half Wit Error,None,None,Xavier (Glorot),WIP,0.01,100,Did Not Converge,Binary Decision,30,599059
2025-06-04T16:37:01.630912,97,0.845832,All_Defaults,Titanic,40.0,0.32462852844017015,0.3282371251442276,"[4, 4, 1]",Half Wit Error,ReLU,None,He (Kaiming),WIP,0.1,100,Did Not Converge,Binary Decision,30,599059
2025-06-04T16:37:02.873526,98,0.855745,All_Defaults,Titanic,0.0,109773.59010578871,109773.59010578871,"[4, 4, 1]",Half Wit Error,ReLU,None,Large Random,WIP,1.0000000000000005e-14,100,Did Not Converge,Binary Decision,30,599059
2025-06-04T16:37:04.835483,99,0.803711,All_Defaults,Titanic,40.0,0.4218945427145513,0.4822879128226906,"[4, 4, 1]",Half Wit Error,ReLU,None,Xavier Kill ReLU,WIP,0.01,100,Did Not Converge,Binary Decision,30,599059
2025-06-04T16:37:06.870086,100,0.8515,All_Defaults,Titanic,40.0,0.24553079808656217,0.24553079808656217,"[4, 4, 1]",Half Wit Error,ReLU,None,LeCun,WIP,0.1,100,Did Not Converge,Binary Decision,30,599059
2025-06-04T16:37:08.885832,101,0.858834,All_Defaults,Titanic,40.0,0.4231800672173255,0.4231800672173255,"[4, 4, 1]",Half Wit Error,ReLU,None,Normal Random,WIP,0.01,100,Did Not Converge,Binary Decision,30,599059
2025-06-04T16:37:10.499079,102,0.857336,All_Defaults,Titanic,40.0,0.40241199461075483,0.4026421140456604,"[4, 4, 1]",Half Wit Error,ReLU,None,Small Random,WIP,1e-06,100,Did Not Converge,Binary Decision,30,599059
2025-06-04T16:37:12.467766,103,0.800613,All_Defaults,Titanic,40.0,0.27490278742696633,0.27739457361550496,"[4, 4, 1]",Half Wit Error,ReLU,None,Uniform Random,WIP,0.1,100,Did Not Converge,Binary Decision,30,599059
2025-06-04T16:37:14.489241,104,0.843294,All_Defaults,Titanic,40.0,0.37937491984456895,0.3829261988620308,"[4, 4, 1]",Half Wit Error,ReLU,None,Xavier (Glorot),WIP,0.1,100,Did Not Converge,Binary Decision,30,599059
2025-06-04T16:37:16.237150,105,0.7382,All_Defaults,Titanic,40.0,0.30446148160671654,0.30446148160671654,"[4, 4, 1]",Half Wit Error,Sigmoid,None,He (Kaiming),WIP,0.1,100,Did Not Converge,Binary Decision,30,599059
2025-06-04T16:37:17.979070,106,0.749764,All_Defaults,Titanic,40.0,0.5126793119820894,0.5126793119820894,"[4, 4, 1]",Half Wit Error,Sigmoid,None,Large Random,WIP,0.1,100,Did Not Converge,Binary Decision,30,599059
2025-06-04T16:37:19.724955,107,0.736743,All_Defaults,Titanic,40.0,0.49222180318665626,0.49222180318665626,"[4, 4, 1]",Half Wit Error,Sigmoid,None,Xavier Kill ReLU,WIP,0.1,100,Did Not Converge,Binary Decision,30,599059
2025-06-04T16:37:21.421833,108,0.675566,All_Defaults,Titanic,40.0,0.4781614777065985,0.4781614777065985,"[4, 4, 1]",Half Wit Error,Sigmoid,None,LeCun,WIP,0.01,100,Did Not Converge,Binary Decision,30,599059
2025-06-04T16:37:23.143677,109,0.714527,All_Defaults,Titanic,40.0,0.3019392319632671,0.3019392319632671,"[4, 4, 1]",Half Wit Error,Sigmoid,None,Normal Random,WIP,0.1,100,Did Not Converge,Binary Decision,30,599059
2025-06-04T16:37:24.540887,110,0.677399,All_Defaults,Titanic,40.0,0.4017425921932626,0.4022018885468995,"[4, 4, 1]",Half Wit Error,Sigmoid,None,Small Random,WIP,1e-06,100,Did Not Converge,Binary Decision,30,599059
2025-06-04T16:37:26.280793,111,0.724206,All_Defaults,Titanic,40.0,0.3034156598326419,0.3034156598326419,"[4, 4, 1]",Half Wit Error,Sigmoid,None,Uniform Random,WIP,0.1,100,Did Not Converge,Binary Decision,30,599059
2025-06-04T16:37:27.966902,112,0.688048,All_Defaults,Titanic,40.0,0.2991589168427882,0.2991589168427882,"[4, 4, 1]",Half Wit Error,Sigmoid,None,Xavier (Glorot),WIP,0.1,100,Did Not Converge,Binary Decision,30,599059
2025-06-04T16:37:29.765367,113,0.767844,All_Defaults,Titanic,40.0,0.2889800014904338,0.2889800014904338,"[4, 4, 1]",Half Wit Error,Tanh,None,He (Kaiming),WIP,0.1,100,Did Not Converge,Binary Decision,30,599059
2025-06-04T16:37:31.573207,114,0.772714,All_Defaults,Titanic,36.666666666666664,0.5173563555764488,0.5173563555764855,"[4, 4, 1]",Half Wit Error,Tanh,None,Large Random,WIP,0.1,100,Did Not Converge,Binary Decision,30,599059
2025-06-04T16:37:33.293111,115,0.732699,All_Defaults,Titanic,40.0,0.41345094051223863,0.41345094051223863,"[4, 4, 1]",Half Wit Error,Tanh,None,Xavier Kill ReLU,WIP,0.01,100,Did Not Converge,Binary Decision,30,599059
2025-06-04T16:37:35.069981,116,0.751583,All_Defaults,Titanic,40.0,0.2740678829481609,0.2740678829481609,"[4, 4, 1]",Half Wit Error,Tanh,None,LeCun,WIP,0.1,100,Did Not Converge,Binary Decision,30,599059
2025-06-04T16:37:36.805163,117,0.694517,All_Defaults,Titanic,40.0,0.23873509123621378,0.23873509123621378,"[4, 4, 1]",Half Wit Error,Tanh,None,Normal Random,WIP,0.1,100,Did Not Converge,Binary Decision,30,599059
2025-06-04T16:37:38.260859,118,0.750294,All_Defaults,Titanic,40.0,0.4025580068922975,0.4027882636141228,"[4, 4, 1]",Half Wit Error,Tanh,None,Small Random,WIP,1e-06,100,Did Not Converge,Binary Decision,30,599059
2025-06-04T16:37:39.967567,119,0.687169,All_Defaults,Titanic,40.0,0.27588826927378585,0.27588826927378585,"[4, 4, 1]",Half Wit Error,Tanh,None,Uniform Random,WIP,0.1,100,Did Not Converge,Binary Decision,30,599059
2025-06-04T16:37:41.747908,120,0.75471,All_Defaults,Titanic,40.0,0.31257642303816263,0.31257642303816263,"[4, 4, 1]",Half Wit Error,Tanh,None,Xavier (Glorot),WIP,0.1,100,Did Not Converge,Binary Decision,30,599059
2025-06-04T16:37:44.054432,121,0.94782,All_Defaults,Titanic,86.66666666666667,0.38960690414384624,0.39565118489222534,"[4, 4, 1]",Hinge Loss,LeakyReLU,Tanh,He (Kaiming),WIP,0.1,100,Did Not Converge,Binary Decision,30,599059
2025-06-04T16:37:46.179086,122,0.980313,All_Defaults,Titanic,73.33333333333333,0.3333333333333333,0.5333333333333333,"[4, 4, 1]",Hinge Loss,LeakyReLU,Tanh,Large Random,WIP,9.999999999999999e-06,100,Did Not Converge,Binary Decision,30,599059
2025-06-04T16:37:48.081321,123,1.012713,All_Defaults,Titanic,60.0,0.8699179593453127,0.8700230363890278,"[4, 4, 1]",Hinge Loss,LeakyReLU,Tanh,Xavier Kill ReLU,WIP,1e-06,100,Did Not Converge,Binary Decision,30,599059
2025-06-04T16:37:50.478950,124,1.0479,All_Defaults,Titanic,70.0,0.38539038834067907,0.7907897459952863,"[4, 4, 1]",Hinge Loss,LeakyReLU,Tanh,LeCun,WIP,0.1,100,Did Not Converge,Binary Decision,30,599059
2025-06-04T16:37:52.793045,125,0.948321,All_Defaults,Titanic,66.66666666666666,0.801031004076784,0.801031004076784,"[4, 4, 1]",Hinge Loss,LeakyReLU,Tanh,Normal Random,WIP,0.01,100,Did Not Converge,Binary Decision,30,599059
2025-06-04T16:37:55.150994,126,0.981332,All_Defaults,Titanic,60.0,0.9638722856314307,0.9638722856314307,"[4, 4, 1]",Hinge Loss,LeakyReLU,Tanh,Small Random,WIP,0.01,100,Did Not Converge,Binary Decision,30,599059
2025-06-04T16:37:57.039285,127,0.956848,All_Defaults,Titanic,60.0,0.825056338450009,0.8251334304412823,"[4, 4, 1]",Hinge Loss,LeakyReLU,Tanh,Uniform Random,WIP,1e-06,100,Did Not Converge,Binary Decision,30,599059
2025-06-04T16:37:58.986161,128,1.011615,All_Defaults,Titanic,60.0,0.8025880725951744,0.8026033930113713,"[4, 4, 1]",Hinge Loss,LeakyReLU,Tanh,Xavier (Glorot),WIP,1e-06,100,Did Not Converge,Binary Decision,30,599059
2025-06-04T16:38:00.737051,129,0.73001,All_Defaults,Titanic,76.66666666666667,0.5664551993908263,0.5664551993908263,"[4, 4, 1]",Hinge Loss,None,Tanh,He (Kaiming),WIP,0.1,100,Did Not Converge,Binary Decision,30,599059
2025-06-04T16:38:02.156258,130,0.713133,All_Defaults,Titanic,80.0,0.3333333333333333,0.4,"[4, 4, 1]",Hinge Loss,None,Tanh,Large Random,WIP,1e-06,100,Did Not Converge,Binary Decision,30,599059
2025-06-04T16:38:03.939082,131,0.749083,All_Defaults,Titanic,73.33333333333333,0.5774322448402912,0.5774322448402912,"[4, 4, 1]",Hinge Loss,None,Tanh,Xavier Kill ReLU,WIP,0.1,100,Did Not Converge,Binary Decision,30,599059
2025-06-04T16:38:05.715984,132,0.748587,All_Defaults,Titanic,76.66666666666667,0.5655131412020786,0.5655131412020786,"[4, 4, 1]",Hinge Loss,None,Tanh,LeCun,WIP,0.1,100,Did Not Converge,Binary Decision,30,599059
2025-06-04T16:38:07.444480,133,0.747399,All_Defaults,Titanic,80.0,0.5427123364579511,0.5470420012501601,"[4, 4, 1]",Hinge Loss,None,Tanh,Normal Random,WIP,0.001,100,Did Not Converge,Binary Decision,30,599059
2025-06-04T16:38:09.231452,134,0.759302,All_Defaults,Titanic,60.0,0.9638769055873293,0.9638769055873293,"[4, 4, 1]",Hinge Loss,None,Tanh,Small Random,WIP,0.01,100,Did Not Converge,Binary Decision,30,599059
2025-06-04T16:38:10.953189,135,0.687056,All_Defaults,Titanic,76.66666666666667,0.5663889304027604,0.5663889304027604,"[4, 4, 1]",Hinge Loss,None,Tanh,Uniform Random,WIP,0.1,100,Did Not Converge,Binary Decision,30,599059
2025-06-04T16:38:12.728813,136,0.722722,All_Defaults,Titanic,76.66666666666667,0.5546443156229939,0.5546443156229939,"[4, 4, 1]",Hinge Loss,None,Tanh,Xavier (Glorot),WIP,0.01,100,Did Not Converge,Binary Decision,30,599059
2025-06-04T16:38:14.826749,137,0.885296,All_Defaults,Titanic,86.66666666666667,0.32113193307917315,0.3601411455014564,"[4, 4, 1]",Hinge Loss,ReLU,Tanh,He (Kaiming),WIP,0.1,100,Did Not Converge,Binary Decision,30,599059
2025-06-04T16:38:16.683312,138,0.872992,All_Defaults,Titanic,63.33333333333333,0.600002285396345,0.6343233769317944,"[4, 4, 1]",Hinge Loss,ReLU,Tanh,Large Random,WIP,9.999999999999999e-06,100,Did Not Converge,Binary Decision,30,599059
2025-06-04T16:38:18.392957,139,0.854644,All_Defaults,Titanic,60.0,0.8476822032703824,0.8477646096589377,"[4, 4, 1]",Hinge Loss,ReLU,Tanh,Xavier Kill ReLU,WIP,1e-06,100,Did Not Converge,Binary Decision,30,599059
2025-06-04T16:38:20.503423,140,0.885434,All_Defaults,Titanic,86.66666666666667,0.39833065934264256,0.3986066265505561,"[4, 4, 1]",Hinge Loss,ReLU,Tanh,LeCun,WIP,0.1,100,Did Not Converge,Binary Decision,30,599059
2025-06-04T16:38:22.562198,141,0.840336,All_Defaults,Titanic,66.66666666666666,0.8032289487815388,0.8032289487815388,"[4, 4, 1]",Hinge Loss,ReLU,Tanh,Normal Random,WIP,0.01,100,Did Not Converge,Binary Decision,30,599059
2025-06-04T16:38:24.697588,142,0.91036,All_Defaults,Titanic,60.0,0.9638722892756907,0.9638722892756907,"[4, 4, 1]",Hinge Loss,ReLU,Tanh,Small Random,WIP,0.01,100,Did Not Converge,Binary Decision,30,599059
2025-06-04T16:38:26.406855,143,0.862593,All_Defaults,Titanic,60.0,0.8248409406862784,0.8249170360128281,"[4, 4, 1]",Hinge Loss,ReLU,Tanh,Uniform Random,WIP,1e-06,100,Did Not Converge,Binary Decision,30,599059
2025-06-04T16:38:28.185512,144,0.903018,All_Defaults,Titanic,60.0,0.8025245399555138,0.8025393727101069,"[4, 4, 1]",Hinge Loss,ReLU,Tanh,Xavier (Glorot),WIP,1e-06,100,Did Not Converge,Binary Decision,30,599059
2025-06-04T16:38:30.002604,145,0.721062,All_Defaults,Titanic,76.66666666666667,0.5793173072045374,0.5793173072045374,"[4, 4, 1]",Hinge Loss,Sigmoid,Tanh,He (Kaiming),WIP,0.1,100,Did Not Converge,Binary Decision,30,599059
2025-06-04T16:38:31.579069,146,0.814162,All_Defaults,Titanic,60.0,0.7670667214935077,0.7670772394642417,"[4, 4, 1]",Hinge Loss,Sigmoid,Tanh,Large Random,WIP,1e-06,100,Did Not Converge,Binary Decision,30,599059
2025-06-04T16:38:33.059588,147,0.769839,All_Defaults,Titanic,60.0,0.8321961193629236,0.8322552991198485,"[4, 4, 1]",Hinge Loss,Sigmoid,Tanh,Xavier Kill ReLU,WIP,1e-06,100,Did Not Converge,Binary Decision,30,599059
2025-06-04T16:38:34.855594,148,0.735599,All_Defaults,Titanic,76.66666666666667,0.5805360347887202,0.5805360347887202,"[4, 4, 1]",Hinge Loss,Sigmoid,Tanh,LeCun,WIP,0.1,100,Did Not Converge,Binary Decision,30,599059
2025-06-04T16:38:36.682481,149,0.760089,All_Defaults,Titanic,83.33333333333334,0.5287199622642018,0.5287199622642018,"[4, 4, 1]",Hinge Loss,Sigmoid,Tanh,Normal Random,WIP,0.1,100,Did Not Converge,Binary Decision,30,599059
2025-06-04T16:38:38.532172,150,0.775143,All_Defaults,Titanic,60.0,0.9671891055870118,0.9671891055870118,"[4, 4, 1]",Hinge Loss,Sigmoid,Tanh,Small Random,WIP,0.01,100,Did Not Converge,Binary Decision,30,599059
2025-06-04T16:38:40.001883,151,0.765682,All_Defaults,Titanic,60.0,0.8068611431412658,0.8068915255556376,"[4, 4, 1]",Hinge Loss,Sigmoid,Tanh,Uniform Random,WIP,1e-06,100,Did Not Converge,Binary Decision,30,599059
2025-06-04T16:38:41.454213,152,0.748966,All_Defaults,Titanic,60.0,0.8010054009731152,0.8010100820500229,"[4, 4, 1]",Hinge Loss,Sigmoid,Tanh,Xavier (Glorot),WIP,1e-06,100,Did Not Converge,Binary Decision,30,599059
2025-06-04T16:38:43.332398,153,0.780601,All_Defaults,Titanic,96.66666666666667,0.1482480235119122,0.1482480235119122,"[4, 4, 1]",Hinge Loss,Tanh,Tanh,He (Kaiming),WIP,0.1,100,Did Not Converge,Binary Decision,30,599059
2025-06-04T16:38:45.156680,154,0.739723,All_Defaults,Titanic,66.66666666666666,0.4,0.6666666666666666,"[4, 4, 1]",Hinge Loss,Tanh,Tanh,Large Random,WIP,9.999999999999999e-05,100,Did Not Converge,Binary Decision,30,599059
2025-06-04T16:38:47.049407,155,0.796211,All_Defaults,Titanic,90.0,0.27286335783626126,0.318212243245584,"[4, 4, 1]",Hinge Loss,Tanh,Tanh,Xavier Kill ReLU,WIP,0.1,100,Did Not Converge,Binary Decision,30,599059
2025-06-04T16:38:48.948531,156,0.800714,All_Defaults,Titanic,76.66666666666667,0.46846585699998744,0.46846585699998744,"[4, 4, 1]",Hinge Loss,Tanh,Tanh,LeCun,WIP,0.1,100,Did Not Converge,Binary Decision,30,599059
2025-06-04T16:38:50.942284,157,0.851602,All_Defaults,Titanic,96.66666666666667,0.12374704109852547,0.12374704109852547,"[4, 4, 1]",Hinge Loss,Tanh,Tanh,Normal Random,WIP,0.1,100,Did Not Converge,Binary Decision,30,599059
2025-06-04T16:38:52.842264,158,0.808834,All_Defaults,Titanic,60.0,0.9638769236360097,0.9638769236360097,"[4, 4, 1]",Hinge Loss,Tanh,Tanh,Small Random,WIP,0.01,100,Did Not Converge,Binary Decision,30,599059
2025-06-04T16:38:54.663613,159,0.729018,All_Defaults,Titanic,80.0,0.5000094360549093,0.5000094360549093,"[4, 4, 1]",Hinge Loss,Tanh,Tanh,Uniform Random,WIP,0.1,100,Did Not Converge,Binary Decision,30,599059
2025-06-04T16:38:56.286979,160,0.860286,All_Defaults,Titanic,60.0,0.8443149467377835,0.8445164438838836,"[4, 4, 1]",Hinge Loss,Tanh,Tanh,Xavier (Glorot),WIP,1e-06,100,Did Not Converge,Binary Decision,30,599059
2025-06-04T16:38:58.590732,161,0.973487,All_Defaults,Titanic,40.0,0.28803468879322375,0.2970901395729421,"[4, 4, 1]",Huber Loss,LeakyReLU,None,He (Kaiming),WIP,0.1,100,Did Not Converge,Binary Decision,30,599059
2025-06-04T16:39:00.818522,162,1.018439,All_Defaults,Titanic,23.333333333333332,828644479.0515683,906628860.767654,"[4, 4, 1]",Huber Loss,LeakyReLU,None,Large Random,WIP,9.999999999999999e-06,100,Did Not Converge,Binary Decision,30,599059
2025-06-04T16:39:03.128200,163,0.94334,All_Defaults,Titanic,40.0,0.4916218093625581,0.4916218093625581,"[4, 4, 1]",Huber Loss,LeakyReLU,None,Xavier Kill ReLU,WIP,0.1,100,Did Not Converge,Binary Decision,30,599059
2025-06-04T16:39:05.475863,164,0.994696,All_Defaults,Titanic,40.0,0.2710864313230441,0.29639974310291667,"[4, 4, 1]",Huber Loss,LeakyReLU,None,LeCun,WIP,0.1,100,Did Not Converge,Binary Decision,30,599059
2025-06-04T16:39:07.782209,165,0.938844,All_Defaults,Titanic,40.0,0.4167916498880034,0.4169673001028489,"[4, 4, 1]",Huber Loss,LeakyReLU,None,Normal Random,WIP,0.01,100,Did Not Converge,Binary Decision,30,599059
2025-06-04T16:39:09.723662,166,1.008446,All_Defaults,Titanic,40.0,0.4024134647976848,0.40264357990967076,"[4, 4, 1]",Huber Loss,LeakyReLU,None,Small Random,WIP,1e-06,100,Did Not Converge,Binary Decision,30,599059
2025-06-04T16:39:12.077398,167,0.957487,All_Defaults,Titanic,40.0,0.27534304519203356,0.27629126371324186,"[4, 4, 1]",Huber Loss,LeakyReLU,None,Uniform Random,WIP,0.1,100,Did Not Converge,Binary Decision,30,599059
2025-06-04T16:39:14.429038,168,0.994975,All_Defaults,Titanic,40.0,0.3202941611815459,0.3202941611815459,"[4, 4, 1]",Huber Loss,LeakyReLU,None,Xavier (Glorot),WIP,0.01,100,Did Not Converge,Binary Decision,30,599059
2025-06-04T16:39:16.130000,169,0.676352,All_Defaults,Titanic,40.0,0.2866239559706043,0.2866239559706043,"[4, 4, 1]",Huber Loss,None,None,He (Kaiming),WIP,0.001,100,Did Not Converge,Binary Decision,30,599059
2025-06-04T16:39:17.752052,170,0.71999,All_Defaults,Titanic,20.0,67501299.7289179,67501299.7289179,"[4, 4, 1]",Huber Loss,None,None,Large Random,WIP,9.999999999999999e-06,100,Did Not Converge,Binary Decision,30,599059
2025-06-04T16:39:19.532917,171,0.744257,All_Defaults,Titanic,40.0,0.28528551539011837,0.28528551539011837,"[4, 4, 1]",Huber Loss,None,None,Xavier Kill ReLU,WIP,0.01,100,Did Not Converge,Binary Decision,30,599059
2025-06-04T16:39:21.232394,172,0.713004,All_Defaults,Titanic,40.0,0.29658080621153665,0.30167947624172275,"[4, 4, 1]",Huber Loss,None,None,LeCun,WIP,0.01,100,Did Not Converge,Binary Decision,30,599059
2025-06-04T16:39:23.032040,173,0.736608,All_Defaults,Titanic,40.0,0.28342045178092495,0.2999500302227858,"[4, 4, 1]",Huber Loss,None,None,Normal Random,WIP,0.001,100,Did Not Converge,Binary Decision,30,599059
2025-06-04T16:39:24.450099,174,0.731638,All_Defaults,Titanic,40.0,0.4025580935067733,0.40278835073525193,"[4, 4, 1]",Huber Loss,None,None,Small Random,WIP,1e-06,100,Did Not Converge,Binary Decision,30,599059
2025-06-04T16:39:26.212207,175,0.731823,All_Defaults,Titanic,40.0,0.3113628673551533,0.3113628673551533,"[4, 4, 1]",Huber Loss,None,None,Uniform Random,WIP,0.1,100,Did Not Converge,Binary Decision,30,599059
2025-06-04T16:39:27.910120,176,0.702491,All_Defaults,Titanic,40.0,0.31296015342094635,0.31296015342094635,"[4, 4, 1]",Huber Loss,None,None,Xavier (Glorot),WIP,0.1,100,Did Not Converge,Binary Decision,30,599059
2025-06-04T16:39:30.020031,177,0.891112,All_Defaults,Titanic,40.0,0.2988955086100375,0.30297849876559374,"[4, 4, 1]",Huber Loss,ReLU,None,He (Kaiming),WIP,0.1,100,Did Not Converge,Binary Decision,30,599059
2025-06-04T16:39:32.069369,178,0.832275,All_Defaults,Titanic,40.0,0.40282379190766543,0.4224893427824253,"[4, 4, 1]",Huber Loss,ReLU,None,Large Random,WIP,9.999999999999999e-05,100,Did Not Converge,Binary Decision,30,599059
2025-06-04T16:39:34.159161,179,0.867121,All_Defaults,Titanic,40.0,0.42228394709544304,0.482287912822683,"[4, 4, 1]",Huber Loss,ReLU,None,Xavier Kill ReLU,WIP,0.01,100,Did Not Converge,Binary Decision,30,599059
2025-06-04T16:39:36.278350,180,0.891997,All_Defaults,Titanic,40.0,0.23181630581650747,0.23181630581650747,"[4, 4, 1]",Huber Loss,ReLU,None,LeCun,WIP,0.1,100,Did Not Converge,Binary Decision,30,599059
2025-06-04T16:39:38.315845,181,0.863146,All_Defaults,Titanic,40.0,0.4193905273013697,0.41957869740311377,"[4, 4, 1]",Huber Loss,ReLU,None,Normal Random,WIP,0.01,100,Did Not Converge,Binary Decision,30,599059
2025-06-04T16:39:39.983688,182,0.83356,All_Defaults,Titanic,40.0,0.40241199461075483,0.4026421140456604,"[4, 4, 1]",Huber Loss,ReLU,None,Small Random,WIP,1e-06,100,Did Not Converge,Binary Decision,30,599059
2025-06-04T16:39:42.057048,183,0.861346,All_Defaults,Titanic,40.0,0.2797862333173838,0.2862514099875959,"[4, 4, 1]",Huber Loss,ReLU,None,Uniform Random,WIP,0.1,100,Did Not Converge,Binary Decision,30,599059
2025-06-04T16:39:44.174786,184,0.884404,All_Defaults,Titanic,40.0,0.3527140652045767,0.3531962581584222,"[4, 4, 1]",Huber Loss,ReLU,None,Xavier (Glorot),WIP,0.1,100,Did Not Converge,Binary Decision,30,599059
2025-06-04T16:39:46.679737,185,1.278881,All_Defaults,Titanic,40.0,0.3045035273951386,0.3045035273951386,"[4, 4, 1]",Huber Loss,Sigmoid,None,He (Kaiming),WIP,0.1,100,Did Not Converge,Binary Decision,30,599059
2025-06-04T16:39:49.060799,186,0.907401,All_Defaults,Titanic,13.333333333333334,7193.772326006646,7193.772326006646,"[4, 4, 1]",Huber Loss,Sigmoid,None,Large Random,WIP,0.1,100,Did Not Converge,Binary Decision,30,599059
2025-06-04T16:39:51.235583,187,0.841196,All_Defaults,Titanic,40.0,0.4914658347446284,0.4914658347446284,"[4, 4, 1]",Huber Loss,Sigmoid,None,Xavier Kill ReLU,WIP,0.1,100,Did Not Converge,Binary Decision,30,599059
2025-06-04T16:39:53.981325,188,0.89409,All_Defaults,Titanic,40.0,0.47816134045813197,0.47816134045813197,"[4, 4, 1]",Huber Loss,Sigmoid,None,LeCun,WIP,0.01,100,Did Not Converge,Binary Decision,30,599059
2025-06-04T16:39:56.024112,189,0.792591,All_Defaults,Titanic,40.0,0.3021507734144844,0.3021507734144844,"[4, 4, 1]",Huber Loss,Sigmoid,None,Normal Random,WIP,0.1,100,Did Not Converge,Binary Decision,30,599059
2025-06-04T16:39:57.725238,190,0.889383,All_Defaults,Titanic,40.0,0.4017425921932626,0.4022018885468995,"[4, 4, 1]",Huber Loss,Sigmoid,None,Small Random,WIP,1e-06,100,Did Not Converge,Binary Decision,30,599059
2025-06-04T16:39:59.905367,191,0.835165,All_Defaults,Titanic,40.0,0.3034048286356717,0.3034048286356717,"[4, 4, 1]",Huber Loss,Sigmoid,None,Uniform Random,WIP,0.1,100,Did Not Converge,Binary Decision,30,599059
2025-06-04T16:40:02.104756,192,0.894153,All_Defaults,Titanic,40.0,0.29936486271335344,0.29936486271335344,"[4, 4, 1]",Huber Loss,Sigmoid,None,Xavier (Glorot),WIP,0.1,100,Did Not Converge,Binary Decision,30,599059
2025-06-04T16:40:04.236016,193,0.872838,All_Defaults,Titanic,40.0,0.261090075831231,0.261090075831231,"[4, 4, 1]",Huber Loss,Tanh,None,He (Kaiming),WIP,0.1,100,Did Not Converge,Binary Decision,30,599059
2025-06-04T16:40:05.914177,194,0.868876,All_Defaults,Titanic,20.0,10631.510575391358,16925.426200813174,"[4, 4, 1]",Huber Loss,Tanh,None,Large Random,WIP,1e-06,100,Did Not Converge,Binary Decision,30,599059
2025-06-04T16:40:07.997329,195,0.847818,All_Defaults,Titanic,40.0,0.25535465055329704,0.2588236612918982,"[4, 4, 1]",Huber Loss,Tanh,None,Xavier Kill ReLU,WIP,0.1,100,Did Not Converge,Binary Decision,30,599059
2025-06-04T16:40:10.139943,196,0.870084,All_Defaults,Titanic,40.0,0.26573854273566866,0.26573854273566866,"[4, 4, 1]",Huber Loss,Tanh,None,LeCun,WIP,0.1,100,Did Not Converge,Binary Decision,30,599059
2025-06-04T16:40:12.382987,197,0.874916,All_Defaults,Titanic,40.0,0.2777097705098793,0.2777097705098793,"[4, 4, 1]",Huber Loss,Tanh,None,Normal Random,WIP,0.1,100,Did Not Converge,Binary Decision,30,599059
2025-06-04T16:40:14.082647,198,0.882901,All_Defaults,Titanic,40.0,0.4025580068922975,0.4027882636141228,"[4, 4, 1]",Huber Loss,Tanh,None,Small Random,WIP,1e-06,100,Did Not Converge,Binary Decision,30,599059
2025-06-04T16:40:16.208476,199,0.882274,All_Defaults,Titanic,40.0,0.2962900913479788,0.2962900913479788,"[4, 4, 1]",Huber Loss,Tanh,None,Uniform Random,WIP,0.1,100,Did Not Converge,Binary Decision,30,599059
2025-06-04T16:40:18.243717,200,0.843585,All_Defaults,Titanic,40.0,0.3123156554243522,0.31517274414178437,"[4, 4, 1]",Huber Loss,Tanh,None,Xavier (Glorot),WIP,0.1,100,Did Not Converge,Binary Decision,30,599059
2025-06-04T16:40:20.885575,201,1.086894,All_Defaults,Titanic,40.0,0.28213992829871554,0.2855346181531823,"[4, 4, 1]",Log-Cosh Loss,LeakyReLU,None,He (Kaiming),WIP,0.1,100,Did Not Converge,Binary Decision,30,599059
2025-06-04T16:40:23.352217,202,1.112996,All_Defaults,Titanic,23.333333333333332,828644479.0515683,906628860.767654,"[4, 4, 1]",Log-Cosh Loss,LeakyReLU,None,Large Random,WIP,9.999999999999999e-06,100,Did Not Converge,Binary Decision,30,599059
2025-06-04T16:40:26.027657,203,1.055418,All_Defaults,Titanic,40.0,0.4489090391552437,0.4931188985471444,"[4, 4, 1]",Log-Cosh Loss,LeakyReLU,None,Xavier Kill ReLU,WIP,0.01,100,Did Not Converge,Binary Decision,30,599059
2025-06-04T16:40:28.582877,204,1.013776,All_Defaults,Titanic,40.0,0.2610798344273055,0.2878152244642075,"[4, 4, 1]",Log-Cosh Loss,LeakyReLU,None,LeCun,WIP,0.1,100,Did Not Converge,Binary Decision,30,599059
2025-06-04T16:40:31.164060,205,1.115175,All_Defaults,Titanic,40.0,0.4106337641078781,0.41080012706530844,"[4, 4, 1]",Log-Cosh Loss,LeakyReLU,None,Normal Random,WIP,0.01,100,Did Not Converge,Binary Decision,30,599059
2025-06-04T16:40:33.230285,206,1.052307,All_Defaults,Titanic,40.0,0.40241282437172976,0.40258808299615173,"[4, 4, 1]",Log-Cosh Loss,LeakyReLU,None,Small Random,WIP,1e-06,100,Did Not Converge,Binary Decision,30,599059
2025-06-04T16:40:35.801717,207,1.104992,All_Defaults,Titanic,40.0,0.2797396439051061,0.2797396439051061,"[4, 4, 1]",Log-Cosh Loss,LeakyReLU,None,Uniform Random,WIP,0.1,100,Did Not Converge,Binary Decision,30,599059
2025-06-04T16:40:38.543038,208,1.120703,All_Defaults,Titanic,40.0,0.31762446872556627,0.31937762735875364,"[4, 4, 1]",Log-Cosh Loss,LeakyReLU,None,Xavier (Glorot),WIP,0.01,100,Did Not Converge,Binary Decision,30,599059
2025-06-04T16:40:40.598589,209,0.795155,All_Defaults,Titanic,40.0,0.27988699686368257,0.27988699686368257,"[4, 4, 1]",Log-Cosh Loss,None,None,He (Kaiming),WIP,0.001,100,Did Not Converge,Binary Decision,30,599059
2025-06-04T16:40:42.470077,210,0.77473,All_Defaults,Titanic,20.0,67501299.7289179,67501299.7289179,"[4, 4, 1]",Log-Cosh Loss,None,None,Large Random,WIP,9.999999999999999e-06,100,Did Not Converge,Binary Decision,30,599059
2025-06-04T16:40:44.441624,211,0.779986,All_Defaults,Titanic,40.0,0.3061942795801853,0.3061942795801853,"[4, 4, 1]",Log-Cosh Loss,None,None,Xavier Kill ReLU,WIP,0.1,100,Did Not Converge,Binary Decision,30,599059
2025-06-04T16:40:46.501699,212,0.832746,All_Defaults,Titanic,40.0,0.28640921958427173,0.29368245028039797,"[4, 4, 1]",Log-Cosh Loss,None,None,LeCun,WIP,0.01,100,Did Not Converge,Binary Decision,30,599059
2025-06-04T16:40:48.453738,213,0.828872,All_Defaults,Titanic,40.0,0.27560647606815497,0.28388696015379816,"[4, 4, 1]",Log-Cosh Loss,None,None,Normal Random,WIP,0.001,100,Did Not Converge,Binary Decision,30,599059
2025-06-04T16:40:50.051393,214,0.752067,All_Defaults,Titanic,40.0,0.40255745263265913,0.40273281545871265,"[4, 4, 1]",Log-Cosh Loss,None,None,Small Random,WIP,1e-06,100,Did Not Converge,Binary Decision,30,599059
2025-06-04T16:40:52.058342,215,0.772668,All_Defaults,Titanic,40.0,0.30351639351799103,0.30351639351799103,"[4, 4, 1]",Log-Cosh Loss,None,None,Uniform Random,WIP,0.1,100,Did Not Converge,Binary Decision,30,599059
2025-06-04T16:40:54.101758,216,0.817086,All_Defaults,Titanic,40.0,0.30570562790124645,0.30570562790124645,"[4, 4, 1]",Log-Cosh Loss,None,None,Xavier (Glorot),WIP,0.1,100,Did Not Converge,Binary Decision,30,599059
2025-06-04T16:40:56.242715,217,0.869274,All_Defaults,Titanic,40.0,0.28502248111154016,0.2905955770782327,"[4, 4, 1]",Log-Cosh Loss,ReLU,None,He (Kaiming),WIP,0.1,100,Did Not Converge,Binary Decision,30,599059
2025-06-04T16:40:58.477458,218,0.920096,All_Defaults,Titanic,40.0,0.4027277436960301,0.41819413606568623,"[4, 4, 1]",Log-Cosh Loss,ReLU,None,Large Random,WIP,9.999999999999999e-05,100,Did Not Converge,Binary Decision,30,599059
2025-06-04T16:41:00.593955,219,0.841687,All_Defaults,Titanic,40.0,0.4199015675992893,0.47877579328035014,"[4, 4, 1]",Log-Cosh Loss,ReLU,None,Xavier Kill ReLU,WIP,0.01,100,Did Not Converge,Binary Decision,30,599059
2025-06-04T16:41:02.744850,220,0.872126,All_Defaults,Titanic,40.0,0.2603494176376687,0.2715518543113315,"[4, 4, 1]",Log-Cosh Loss,ReLU,None,LeCun,WIP,0.1,100,Did Not Converge,Binary Decision,30,599059
2025-06-04T16:41:04.928179,221,0.946451,All_Defaults,Titanic,40.0,0.4125746422088758,0.4125746422088758,"[4, 4, 1]",Log-Cosh Loss,ReLU,None,Normal Random,WIP,0.01,100,Did Not Converge,Binary Decision,30,599059
2025-06-04T16:41:06.700290,222,0.935985,All_Defaults,Titanic,40.0,0.40241135417325463,0.40258661613194413,"[4, 4, 1]",Log-Cosh Loss,ReLU,None,Small Random,WIP,1e-06,100,Did Not Converge,Binary Decision,30,599059
2025-06-04T16:41:08.887763,223,0.841027,All_Defaults,Titanic,40.0,0.28089943580002374,0.28419683226064085,"[4, 4, 1]",Log-Cosh Loss,ReLU,None,Uniform Random,WIP,0.1,100,Did Not Converge,Binary Decision,30,599059
2025-06-04T16:41:11.029743,224,0.902274,All_Defaults,Titanic,40.0,0.3205228120071383,0.3205228120071383,"[4, 4, 1]",Log-Cosh Loss,ReLU,None,Xavier (Glorot),WIP,0.01,100,Did Not Converge,Binary Decision,30,599059
2025-06-04T16:41:12.908279,225,0.768922,All_Defaults,Titanic,40.0,0.295415563010917,0.295415563010917,"[4, 4, 1]",Log-Cosh Loss,Sigmoid,None,He (Kaiming),WIP,0.1,100,Did Not Converge,Binary Decision,30,599059
2025-06-04T16:41:14.846253,226,0.801575,All_Defaults,Titanic,13.333333333333334,7193.769013040304,7193.769013040304,"[4, 4, 1]",Log-Cosh Loss,Sigmoid,None,Large Random,WIP,0.1,100,Did Not Converge,Binary Decision,30,599059
2025-06-04T16:41:16.733193,227,0.760652,All_Defaults,Titanic,40.0,0.4886433028732019,0.4886433028732019,"[4, 4, 1]",Log-Cosh Loss,Sigmoid,None,Xavier Kill ReLU,WIP,0.1,100,Did Not Converge,Binary Decision,30,599059
2025-06-04T16:41:18.553553,228,0.720205,All_Defaults,Titanic,40.0,0.47498023614385976,0.47498023614385976,"[4, 4, 1]",Log-Cosh Loss,Sigmoid,None,LeCun,WIP,0.01,100,Did Not Converge,Binary Decision,30,599059
2025-06-04T16:41:20.538816,229,0.84329,All_Defaults,Titanic,40.0,0.29545843801111044,0.29545843801111044,"[4, 4, 1]",Log-Cosh Loss,Sigmoid,None,Normal Random,WIP,0.1,100,Did Not Converge,Binary Decision,30,599059
2025-06-04T16:41:22.123378,230,0.77564,All_Defaults,Titanic,40.0,0.4017413124982984,0.40209127512874754,"[4, 4, 1]",Log-Cosh Loss,Sigmoid,None,Small Random,WIP,1e-06,100,Did Not Converge,Binary Decision,30,599059
2025-06-04T16:41:23.997741,231,0.748147,All_Defaults,Titanic,40.0,0.29658939500183074,0.29658939500183074,"[4, 4, 1]",Log-Cosh Loss,Sigmoid,None,Uniform Random,WIP,0.1,100,Did Not Converge,Binary Decision,30,599059
2025-06-04T16:41:25.799025,232,0.686594,All_Defaults,Titanic,40.0,0.29203141745252453,0.29203141745252453,"[4, 4, 1]",Log-Cosh Loss,Sigmoid,None,Xavier (Glorot),WIP,0.1,100,Did Not Converge,Binary Decision,30,599059
2025-06-04T16:41:27.655496,233,0.74737,All_Defaults,Titanic,40.0,0.2964462326952129,0.2964462326952129,"[4, 4, 1]",Log-Cosh Loss,Tanh,None,He (Kaiming),WIP,0.1,100,Did Not Converge,Binary Decision,30,599059
2025-06-04T16:41:29.187637,234,0.728526,All_Defaults,Titanic,20.0,10631.510575391358,16925.426200813174,"[4, 4, 1]",Log-Cosh Loss,Tanh,None,Large Random,WIP,1e-06,100,Did Not Converge,Binary Decision,30,599059
2025-06-04T16:41:31.077137,235,0.758104,All_Defaults,Titanic,40.0,0.2675214720895972,0.271711742891674,"[4, 4, 1]",Log-Cosh Loss,Tanh,None,Xavier Kill ReLU,WIP,0.1,100,Did Not Converge,Binary Decision,30,599059
2025-06-04T16:41:33.209918,236,0.785975,All_Defaults,Titanic,40.0,0.26982452357074876,0.26982452357074876,"[4, 4, 1]",Log-Cosh Loss,Tanh,None,LeCun,WIP,0.1,100,Did Not Converge,Binary Decision,30,599059
2025-06-04T16:41:35.089299,237,0.783157,All_Defaults,Titanic,36.666666666666664,0.2772132974250231,0.2772132974250231,"[4, 4, 1]",Log-Cosh Loss,Tanh,None,Normal Random,WIP,0.01,100,Did Not Converge,Binary Decision,30,599059
2025-06-04T16:41:36.577048,238,0.71731,All_Defaults,Titanic,40.0,0.40255736601962316,0.40273272846175623,"[4, 4, 1]",Log-Cosh Loss,Tanh,None,Small Random,WIP,1e-06,100,Did Not Converge,Binary Decision,30,599059
2025-06-04T16:41:38.452805,239,0.761189,All_Defaults,Titanic,40.0,0.29009062634456745,0.29009062634456745,"[4, 4, 1]",Log-Cosh Loss,Tanh,None,Uniform Random,WIP,0.1,100,Did Not Converge,Binary Decision,30,599059
