run_id,accuracy,best_mae,timestamp,arena_name,gladiator_name,architecture,problem_type,loss_function_name,hidden_activation_name,output_activation_name,weight_initializer_name,normalization_scheme,seed,learning_rate,epoch_count,convergence_condition,runtime_seconds,final_error
1,56.666666666666664,0.15925099198232837,2025-06-01T20:43:04.639082,Titanic,All_Defaults,"[4, 4, 1]",Binary Decision,Binary Cross-Entropy,LeakyReLU,Sigmoid,He (Kaiming),WIP,599059,0.1,100,Did Not Converge,5.044788,0.36809693471144783
2,76.66666666666667,0.2760948700861362,2025-06-01T20:43:10.227208,Titanic,All_Defaults,"[4, 4, 1]",Binary Decision,Binary Cross-Entropy,None,Sigmoid,Xavier (Glorot),WIP,599059,0.1,100,Did Not Converge,4.585074,0.2760948700861362
3,60.0,0.41319921005679394,2025-06-01T20:43:11.932655,Titanic,All_Defaults,"[4, 4, 1]",Binary Decision,Binary Cross-Entropy,ReLU,Sigmoid,Xavier (Glorot),WIP,599059,1e-06,100,Did Not Converge,0.919448,0.4132319380447133
4,60.0,0.4095599871011114,2025-06-01T20:43:13.378190,Titanic,All_Defaults,"[4, 4, 1]",Binary Decision,Binary Cross-Entropy,Sigmoid,Sigmoid,Xavier (Glorot),WIP,599059,1e-06,100,Did Not Converge,0.778281,0.4095820122540692
5,60.0,0.44972995500601287,2025-06-01T20:43:14.846110,Titanic,All_Defaults,"[4, 4, 1]",Binary Decision,Binary Cross-Entropy,Tanh,Sigmoid,Xavier (Glorot),WIP,599059,1e-06,100,Did Not Converge,0.795619,0.4497504624160265
6,99.94855213065826,131.09499733784543,2025-06-01T20:43:16.652697,Predict_Income_2_Inputs,All_Defaults,"[4, 4, 1]",Regression,Mean Squared Error,LeakyReLU,None,He (Kaiming),WIP,599059,1e-08,100,Did Not Converge,0.894896,131.09499733784543
7,99.99999999999997,5.117423521975676e-11,2025-06-01T20:43:17.880433,Predict_Income_2_Inputs,All_Defaults,"[4, 4, 1]",Regression,Mean Squared Error,None,None,Xavier (Glorot),WIP,599059,1e-08,100,Did Not Converge,0.594632,6.160310780008634e-11
8,0.35445072574230574,253908.14399064585,2025-06-01T20:43:19.496995,Predict_Income_2_Inputs,All_Defaults,"[4, 4, 1]",Regression,Mean Squared Error,ReLU,None,Xavier (Glorot),WIP,599059,1e-06,100,Did Not Converge,0.876856,253908.14399064585
9,53.05410348108044,116892.863713416,2025-06-01T20:43:21.140705,Predict_Income_2_Inputs,All_Defaults,"[4, 4, 1]",Regression,Mean Squared Error,Sigmoid,None,Xavier (Glorot),WIP,599059,0.001,100,Did Not Converge,0.737556,119623.46075576475
10,76.64696102051893,58936.58482210567,2025-06-01T20:43:22.806330,Predict_Income_2_Inputs,All_Defaults,"[4, 4, 1]",Regression,Mean Squared Error,Tanh,None,Xavier (Glorot),WIP,599059,0.01,100,Did Not Converge,0.715749,59506.18795327439
11,85.3172241331848,3.3831587840098467,2025-06-01T20:43:25.456568,MultiModal_Temperature,All_Defaults,"[4, 4, 1]",Regression,Mean Squared Error,LeakyReLU,None,He (Kaiming),WIP,599059,0.001,100,Did Not Converge,0.988546,3.413684425223235
12,84.087185866816,3.6285578813227612,2025-06-01T20:43:27.047771,MultiModal_Temperature,All_Defaults,"[4, 4, 1]",Regression,Mean Squared Error,None,None,Xavier (Glorot),WIP,599059,9.999999999999999e-05,100,Did Not Converge,0.606987,3.6996632149575297
13,83.50670647148156,3.8311980449594736,2025-06-01T20:43:28.960941,MultiModal_Temperature,All_Defaults,"[4, 4, 1]",Regression,Mean Squared Error,ReLU,None,Xavier (Glorot),WIP,599059,0.1,100,Did Not Converge,0.836524,3.834622264185731
14,84.54008070076341,3.3026896071629173,2025-06-01T20:43:30.479808,MultiModal_Temperature,All_Defaults,"[4, 4, 1]",Regression,Mean Squared Error,Sigmoid,None,Xavier (Glorot),WIP,599059,0.001,100,Did Not Converge,0.662647,3.5943670465126685
15,84.47343947582223,3.3163590522271362,2025-06-01T20:43:32.031051,MultiModal_Temperature,All_Defaults,"[4, 4, 1]",Regression,Mean Squared Error,Tanh,None,Xavier (Glorot),WIP,599059,0.001,100,Did Not Converge,0.638501,3.6098608546129234
16,93.33333333333333,0.1126957648502908,2025-06-01T20:43:34.505483,Parity_Check,All_Defaults,"[4, 4, 1]",Binary Decision,Binary Cross-Entropy,LeakyReLU,Sigmoid,He (Kaiming),WIP,599059,0.1,100,Did Not Converge,1.128781,0.1126957648502908
17,53.333333333333336,0.4775034856462159,2025-06-01T20:43:36.445414,Parity_Check,All_Defaults,"[4, 4, 1]",Binary Decision,Binary Cross-Entropy,None,Sigmoid,Xavier (Glorot),WIP,599059,0.01,100,Did Not Converge,0.861621,0.4775034856462159
18,90.0,0.229604183283848,2025-06-01T20:43:38.669882,Parity_Check,All_Defaults,"[4, 4, 1]",Binary Decision,Binary Cross-Entropy,ReLU,Sigmoid,Xavier (Glorot),WIP,599059,0.01,100,Did Not Converge,0.99675,0.229604183283848
19,60.0,0.4330520377666078,2025-06-01T20:43:40.316066,Parity_Check,All_Defaults,"[4, 4, 1]",Binary Decision,Binary Cross-Entropy,Sigmoid,Sigmoid,Xavier (Glorot),WIP,599059,1e-06,100,Did Not Converge,0.876286,0.433101427680656
20,93.33333333333333,0.07954529087257357,2025-06-01T20:43:42.289023,Parity_Check,All_Defaults,"[4, 4, 1]",Binary Decision,Binary Cross-Entropy,Tanh,Sigmoid,Xavier (Glorot),WIP,599059,0.1,100,Did Not Converge,0.810685,0.07954529087257357
21,100.0,0.0004761227736116578,2025-06-01T20:43:44.844308,Iris_Two_Class,All_Defaults,"[4, 4, 1]",Binary Decision,Binary Cross-Entropy,LeakyReLU,Sigmoid,He (Kaiming),WIP,599059,0.1,100,Did Not Converge,1.124049,0.0004761227736116578
22,100.0,0.00013204468186715012,2025-06-01T20:43:46.672212,Iris_Two_Class,All_Defaults,"[4, 4, 1]",Binary Decision,Binary Cross-Entropy,None,Sigmoid,Xavier (Glorot),WIP,599059,0.1,100,Did Not Converge,0.755205,0.00013204468186715012
23,100.0,0.0004151676465813395,2025-06-01T20:43:48.998692,Iris_Two_Class,All_Defaults,"[4, 4, 1]",Binary Decision,Binary Cross-Entropy,ReLU,Sigmoid,Xavier (Glorot),WIP,599059,0.1,100,Did Not Converge,1.019562,0.0004151676465813395
24,56.666666666666664,0.44000089437365425,2025-06-01T20:43:50.574891,Iris_Two_Class,All_Defaults,"[4, 4, 1]",Binary Decision,Binary Cross-Entropy,Sigmoid,Sigmoid,Xavier (Glorot),WIP,599059,1e-06,100,Did Not Converge,0.810515,0.44001495793793505
25,100.0,0.0009297466825569239,2025-06-01T20:43:52.616738,Iris_Two_Class,All_Defaults,"[4, 4, 1]",Binary Decision,Binary Cross-Entropy,Tanh,Sigmoid,Xavier (Glorot),WIP,599059,0.1,100,Did Not Converge,0.90657,0.0009297466825569239
26,91.93856707640636,0.5972563080648055,2025-06-01T20:43:55.628239,Deceptive_Multi_Regime_Entangler,All_Defaults,"[4, 4, 1]",Regression,Mean Squared Error,LeakyReLU,None,He (Kaiming),WIP,599059,0.001,100,Did Not Converge,1.124934,0.5972563080648055
27,91.63936506086723,0.6015474854446374,2025-06-01T20:43:57.811183,Deceptive_Multi_Regime_Entangler,All_Defaults,"[4, 4, 1]",Regression,Mean Squared Error,None,None,Xavier (Glorot),WIP,599059,0.001,100,Did Not Converge,0.809518,0.6194236191198212
28,92.77562386393544,0.535240354908758,2025-06-01T20:43:59.930614,Deceptive_Multi_Regime_Entangler,All_Defaults,"[4, 4, 1]",Regression,Mean Squared Error,ReLU,None,Xavier (Glorot),WIP,599059,0.001,100,Did Not Converge,0.887901,0.535240354908758
29,93.92037132047663,0.4366486867377359,2025-06-01T20:44:01.830457,Deceptive_Multi_Regime_Entangler,All_Defaults,"[4, 4, 1]",Regression,Mean Squared Error,Sigmoid,None,Xavier (Glorot),WIP,599059,0.1,100,Did Not Converge,0.803149,0.4504281824276909
30,83.52010371500936,1.122324718728785,2025-06-01T20:44:03.741534,Deceptive_Multi_Regime_Entangler,All_Defaults,"[4, 4, 1]",Regression,Mean Squared Error,Tanh,None,Xavier (Glorot),WIP,599059,0.01,100,Did Not Converge,0.791738,1.2209643255428484
31,90.0,0.08651726526891404,2025-06-01T20:44:06.302384,DefaultRisk__From_Income_Debt,All_Defaults,"[4, 4, 1]",Binary Decision,Binary Cross-Entropy,LeakyReLU,Sigmoid,He (Kaiming),WIP,599059,0.1,100,Did Not Converge,1.087092,0.08651726526891404
32,90.0,0.08604448123613752,2025-06-01T20:44:08.083542,DefaultRisk__From_Income_Debt,All_Defaults,"[4, 4, 1]",Binary Decision,Binary Cross-Entropy,None,Sigmoid,Xavier (Glorot),WIP,599059,0.1,100,Did Not Converge,0.746419,0.08604448123613752
33,93.33333333333333,0.08169389052413385,2025-06-01T20:44:10.311026,DefaultRisk__From_Income_Debt,All_Defaults,"[4, 4, 1]",Binary Decision,Binary Cross-Entropy,ReLU,Sigmoid,Xavier (Glorot),WIP,599059,0.1,100,Did Not Converge,0.947009,0.08169389052413385
34,93.33333333333333,0.09398378085225459,2025-06-01T20:44:12.161906,DefaultRisk__From_Income_Debt,All_Defaults,"[4, 4, 1]",Binary Decision,Binary Cross-Entropy,Sigmoid,Sigmoid,Xavier (Glorot),WIP,599059,0.1,100,Did Not Converge,0.765378,0.09398378085225459
35,86.66666666666667,0.08225168526911318,2025-06-01T20:44:14.114143,DefaultRisk__From_Income_Debt,All_Defaults,"[4, 4, 1]",Binary Decision,Binary Cross-Entropy,Tanh,Sigmoid,Xavier (Glorot),WIP,599059,0.1,100,Did Not Converge,0.841033,0.08225168526911318
36,100.0,0.003508930349438577,2025-06-01T20:44:16.745990,Moons,All_Defaults,"[4, 4, 1]",Binary Decision,Binary Cross-Entropy,LeakyReLU,Sigmoid,He (Kaiming),WIP,599059,0.1,100,Did Not Converge,0.9999,0.003508930349438577
37,83.33333333333334,0.23932645836641328,2025-06-01T20:44:18.532148,Moons,All_Defaults,"[4, 4, 1]",Binary Decision,Binary Cross-Entropy,None,Sigmoid,Xavier (Glorot),WIP,599059,0.01,100,Did Not Converge,0.750877,0.23932645836641328
38,93.33333333333333,0.14290095993954952,2025-06-01T20:44:20.622901,Moons,All_Defaults,"[4, 4, 1]",Binary Decision,Binary Cross-Entropy,ReLU,Sigmoid,Xavier (Glorot),WIP,599059,0.1,100,Did Not Converge,0.876513,0.14290095993954952
39,50.0,0.5133248661949872,2025-06-01T20:44:22.115178,Moons,All_Defaults,"[4, 4, 1]",Binary Decision,Binary Cross-Entropy,Sigmoid,Sigmoid,Xavier (Glorot),WIP,599059,1e-06,100,Did Not Converge,0.745907,0.5133374704325115
40,50.0,0.5429809975206636,2025-06-01T20:44:23.843313,Moons,All_Defaults,"[4, 4, 1]",Binary Decision,Binary Cross-Entropy,Tanh,Sigmoid,Xavier (Glorot),WIP,599059,1e-06,100,Did Not Converge,0.953547,0.5430059652769399
41,97.69458240342159,389.46514260384663,2025-06-01T20:44:25.839758,CarValueFromMiles,All_Defaults,"[4, 4, 1]",Regression,Mean Squared Error,LeakyReLU,None,He (Kaiming),WIP,599059,1e-06,100,Did Not Converge,1.076313,389.46514260384663
42,97.488822373493,424.22516157708964,2025-06-01T20:44:27.264730,CarValueFromMiles,All_Defaults,"[4, 4, 1]",Regression,Mean Squared Error,None,None,Xavier (Glorot),WIP,599059,1e-07,100,Did Not Converge,0.753644,424.22516157708964
43,97.53073326946375,417.144954893436,2025-06-01T20:44:29.983099,CarValueFromMiles,All_Defaults,"[4, 4, 1]",Regression,Mean Squared Error,ReLU,None,Xavier (Glorot),WIP,599059,1e-07,100,Did Not Converge,0.913626,417.144954893436
44,65.92651443392552,5756.195725536529,2025-06-01T20:44:31.754322,CarValueFromMiles,All_Defaults,"[4, 4, 1]",Regression,Mean Squared Error,Sigmoid,None,Xavier (Glorot),WIP,599059,0.001,100,Did Not Converge,0.798109,5756.195725536529
45,85.45695188608731,2272.2464828503266,2025-06-01T20:44:33.556161,CarValueFromMiles,All_Defaults,"[4, 4, 1]",Regression,Mean Squared Error,Tanh,None,Xavier (Glorot),WIP,599059,0.01,100,Did Not Converge,0.781574,2456.8261802052166
46,85.23745201479916,0.2899159151938121,2025-06-01T20:44:37.301792,California_Housing,All_Defaults,"[4, 4, 1]",Regression,Mean Squared Error,LeakyReLU,None,He (Kaiming),WIP,599059,0.01,100,Did Not Converge,1.491753,0.30523536299134085
1,56.666666666666664,0.15925099198232837,2025-06-01T20:47:19.468572,Titanic,All_Defaults,"[4, 4, 1]",Binary Decision,Binary Cross-Entropy,LeakyReLU,Sigmoid,He (Kaiming),WIP,599059,0.1,100,Did Not Converge,5.194603,0.36809693471144783
2,53.333333333333336,0.4666666666666667,2025-06-01T20:47:25.520167,Titanic,All_Defaults,"[4, 4, 1]",Binary Decision,Binary Cross-Entropy,LeakyReLU,Sigmoid,Large Random,WIP,599059,1e-06,100,Did Not Converge,5.133384,0.4666666666666667
3,60.0,0.4627180156289405,2025-06-01T20:47:27.424763,Titanic,All_Defaults,"[4, 4, 1]",Binary Decision,Binary Cross-Entropy,LeakyReLU,Sigmoid,Xavier Kill ReLU,WIP,599059,1e-06,100,Did Not Converge,0.991225,0.46273216817782675
4,86.66666666666667,0.19087387016733595,2025-06-01T20:47:29.824557,Titanic,All_Defaults,"[4, 4, 1]",Binary Decision,Binary Cross-Entropy,LeakyReLU,Sigmoid,LeCun,WIP,599059,0.1,100,Did Not Converge,1.077551,0.19206220940468424
5,86.66666666666667,0.19583837171053345,2025-06-01T20:47:32.301051,Titanic,All_Defaults,"[4, 4, 1]",Binary Decision,Binary Cross-Entropy,LeakyReLU,Sigmoid,Normal Random,WIP,599059,0.1,100,Did Not Converge,1.024968,0.19661756677825906
6,60.0,0.4850969791479643,2025-06-01T20:47:34.627772,Titanic,All_Defaults,"[4, 4, 1]",Binary Decision,Binary Cross-Entropy,LeakyReLU,Sigmoid,Small Random,WIP,599059,0.1,100,Did Not Converge,1.036354,0.48509698107123916
7,60.0,0.435612498118765,2025-06-01T20:47:36.500691,Titanic,All_Defaults,"[4, 4, 1]",Binary Decision,Binary Cross-Entropy,LeakyReLU,Sigmoid,Uniform Random,WIP,599059,1e-06,100,Did Not Converge,0.972148,0.43563288199355216
8,60.0,0.413323742718909,2025-06-01T20:47:38.518772,Titanic,All_Defaults,"[4, 4, 1]",Binary Decision,Binary Cross-Entropy,LeakyReLU,Sigmoid,Xavier (Glorot),WIP,599059,1e-06,100,Did Not Converge,1.051296,0.41335674733552163
9,76.66666666666667,0.2763218271772294,2025-06-01T20:47:40.236758,Titanic,All_Defaults,"[4, 4, 1]",Binary Decision,Binary Cross-Entropy,None,Sigmoid,He (Kaiming),WIP,599059,0.1,100,Did Not Converge,0.714947,0.2763218271772294
10,63.33333333333333,0.36666666666666664,2025-06-01T20:47:41.702745,Titanic,All_Defaults,"[4, 4, 1]",Binary Decision,Binary Cross-Entropy,None,Sigmoid,Large Random,WIP,599059,1e-06,100,Did Not Converge,0.756334,0.36666666666666664
11,76.66666666666667,0.27969229830473613,2025-06-01T20:47:43.397460,Titanic,All_Defaults,"[4, 4, 1]",Binary Decision,Binary Cross-Entropy,None,Sigmoid,Xavier Kill ReLU,WIP,599059,0.1,100,Did Not Converge,0.743793,0.27969229830473613
12,76.66666666666667,0.27543301677728194,2025-06-01T20:47:45.103238,Titanic,All_Defaults,"[4, 4, 1]",Binary Decision,Binary Cross-Entropy,None,Sigmoid,LeCun,WIP,599059,0.1,100,Did Not Converge,0.717975,0.27543301677728194
13,73.33333333333333,0.2662103137527977,2025-06-01T20:47:46.960404,Titanic,All_Defaults,"[4, 4, 1]",Binary Decision,Binary Cross-Entropy,None,Sigmoid,Normal Random,WIP,599059,0.01,100,Did Not Converge,0.806815,0.2662103137527977
14,60.0,0.4850964863411571,2025-06-01T20:47:48.801317,Titanic,All_Defaults,"[4, 4, 1]",Binary Decision,Binary Cross-Entropy,None,Sigmoid,Small Random,WIP,599059,0.1,100,Did Not Converge,0.737772,0.4850964863411571
15,76.66666666666667,0.27584323152532253,2025-06-01T20:47:50.600375,Titanic,All_Defaults,"[4, 4, 1]",Binary Decision,Binary Cross-Entropy,None,Sigmoid,Uniform Random,WIP,599059,0.1,100,Did Not Converge,0.798617,0.27584323152532253
16,76.66666666666667,0.2760948700861362,2025-06-01T20:47:52.390945,Titanic,All_Defaults,"[4, 4, 1]",Binary Decision,Binary Cross-Entropy,None,Sigmoid,Xavier (Glorot),WIP,599059,0.1,100,Did Not Converge,0.777479,0.2760948700861362
17,86.66666666666667,0.19726770568369795,2025-06-01T20:47:54.737870,Titanic,All_Defaults,"[4, 4, 1]",Binary Decision,Binary Cross-Entropy,ReLU,Sigmoid,He (Kaiming),WIP,599059,0.1,100,Did Not Converge,0.939636,0.19769770424849029
18,56.666666666666664,0.43333333333333335,2025-06-01T20:47:56.508381,Titanic,All_Defaults,"[4, 4, 1]",Binary Decision,Binary Cross-Entropy,ReLU,Sigmoid,Large Random,WIP,599059,1e-06,100,Did Not Converge,0.945513,0.43333333333333335
19,60.0,0.45378853035900957,2025-06-01T20:47:58.325503,Titanic,All_Defaults,"[4, 4, 1]",Binary Decision,Binary Cross-Entropy,ReLU,Sigmoid,Xavier Kill ReLU,WIP,599059,1e-06,100,Did Not Converge,0.938424,0.4538038331982936
20,86.66666666666667,0.1901724109501554,2025-06-01T20:48:00.575424,Titanic,All_Defaults,"[4, 4, 1]",Binary Decision,Binary Cross-Entropy,ReLU,Sigmoid,LeCun,WIP,599059,0.1,100,Did Not Converge,0.989168,0.19065510654188675
21,86.66666666666667,0.19125937858098946,2025-06-01T20:48:02.690639,Titanic,All_Defaults,"[4, 4, 1]",Binary Decision,Binary Cross-Entropy,ReLU,Sigmoid,Normal Random,WIP,599059,0.1,100,Did Not Converge,0.886337,0.19950992798894146
22,60.0,0.4850969781143342,2025-06-01T20:48:04.927887,Titanic,All_Defaults,"[4, 4, 1]",Binary Decision,Binary Cross-Entropy,ReLU,Sigmoid,Small Random,WIP,599059,0.1,100,Did Not Converge,0.965916,0.4850969807204528
23,60.0,0.4355244167596146,2025-06-01T20:48:06.702928,Titanic,All_Defaults,"[4, 4, 1]",Binary Decision,Binary Cross-Entropy,ReLU,Sigmoid,Uniform Random,WIP,599059,1e-06,100,Did Not Converge,0.899703,0.4355448672392083
24,60.0,0.41319921005679394,2025-06-01T20:48:08.546089,Titanic,All_Defaults,"[4, 4, 1]",Binary Decision,Binary Cross-Entropy,ReLU,Sigmoid,Xavier (Glorot),WIP,599059,1e-06,100,Did Not Converge,0.976135,0.4132319380447133
25,76.66666666666667,0.29049682821520556,2025-06-01T20:48:10.399394,Titanic,All_Defaults,"[4, 4, 1]",Binary Decision,Binary Cross-Entropy,Sigmoid,Sigmoid,He (Kaiming),WIP,599059,0.1,100,Did Not Converge,0.753874,0.29049682821520556
26,63.33333333333333,0.3700738442926386,2025-06-01T20:48:12.396033,Titanic,All_Defaults,"[4, 4, 1]",Binary Decision,Binary Cross-Entropy,Sigmoid,Sigmoid,Large Random,WIP,599059,0.1,100,Did Not Converge,0.835573,0.3700738442926386
27,60.0,0.4439382896697543,2025-06-01T20:48:13.927697,Titanic,All_Defaults,"[4, 4, 1]",Binary Decision,Binary Cross-Entropy,Sigmoid,Sigmoid,Xavier Kill ReLU,WIP,599059,1e-06,100,Did Not Converge,0.822072,0.4439634273979556
28,76.66666666666667,0.29596616944059406,2025-06-01T20:48:15.860229,Titanic,All_Defaults,"[4, 4, 1]",Binary Decision,Binary Cross-Entropy,Sigmoid,Sigmoid,LeCun,WIP,599059,0.1,100,Did Not Converge,0.849886,0.29596616944059406
29,80.0,0.2702024367851023,2025-06-01T20:48:17.740503,Titanic,All_Defaults,"[4, 4, 1]",Binary Decision,Binary Cross-Entropy,Sigmoid,Sigmoid,Normal Random,WIP,599059,0.1,100,Did Not Converge,0.754872,0.2702024367851023
30,60.0,0.481123258500783,2025-06-01T20:48:19.696861,Titanic,All_Defaults,"[4, 4, 1]",Binary Decision,Binary Cross-Entropy,Sigmoid,Sigmoid,Small Random,WIP,599059,0.01,100,Did Not Converge,0.837509,0.481123258500783
31,60.0,0.42333661090504465,2025-06-01T20:48:21.261940,Titanic,All_Defaults,"[4, 4, 1]",Binary Decision,Binary Cross-Entropy,Sigmoid,Sigmoid,Uniform Random,WIP,599059,1e-06,100,Did Not Converge,0.820468,0.4233748104020565
32,60.0,0.4095599871011114,2025-06-01T20:48:22.862930,Titanic,All_Defaults,"[4, 4, 1]",Binary Decision,Binary Cross-Entropy,Sigmoid,Sigmoid,Xavier (Glorot),WIP,599059,1e-06,100,Did Not Converge,0.834025,0.4095820122540692
33,80.0,0.22037365273635448,2025-06-01T20:48:24.739186,Titanic,All_Defaults,"[4, 4, 1]",Binary Decision,Binary Cross-Entropy,Tanh,Sigmoid,He (Kaiming),WIP,599059,0.1,100,Did Not Converge,0.826843,0.22037365273635448
34,56.666666666666664,0.43333333333333335,2025-06-01T20:48:26.339904,Titanic,All_Defaults,"[4, 4, 1]",Binary Decision,Binary Cross-Entropy,Tanh,Sigmoid,Large Random,WIP,599059,1e-06,100,Did Not Converge,0.817023,0.43333333333333335
35,90.0,0.1925585030512438,2025-06-01T20:48:28.314918,Titanic,All_Defaults,"[4, 4, 1]",Binary Decision,Binary Cross-Entropy,Tanh,Sigmoid,Xavier Kill ReLU,WIP,599059,0.1,100,Did Not Converge,0.830615,0.1925585030512438
36,80.0,0.21134810071030338,2025-06-01T20:48:30.289885,Titanic,All_Defaults,"[4, 4, 1]",Binary Decision,Binary Cross-Entropy,Tanh,Sigmoid,LeCun,WIP,599059,0.1,100,Did Not Converge,0.859229,0.21134810071030338
37,96.66666666666667,0.07293742137911506,2025-06-01T20:48:32.176351,Titanic,All_Defaults,"[4, 4, 1]",Binary Decision,Binary Cross-Entropy,Tanh,Sigmoid,Normal Random,WIP,599059,0.1,100,Did Not Converge,0.842375,0.07293742137911506
38,60.0,0.4850965255834684,2025-06-01T20:48:34.117893,Titanic,All_Defaults,"[4, 4, 1]",Binary Decision,Binary Cross-Entropy,Tanh,Sigmoid,Small Random,WIP,599059,0.1,100,Did Not Converge,0.835681,0.4850965255834684
39,80.0,0.21667927836038597,2025-06-01T20:48:35.994469,Titanic,All_Defaults,"[4, 4, 1]",Binary Decision,Binary Cross-Entropy,Tanh,Sigmoid,Uniform Random,WIP,599059,0.1,100,Did Not Converge,0.772752,0.21667927836038597
40,60.0,0.44972995500601287,2025-06-01T20:48:37.618377,Titanic,All_Defaults,"[4, 4, 1]",Binary Decision,Binary Cross-Entropy,Tanh,Sigmoid,Xavier (Glorot),WIP,599059,1e-06,100,Did Not Converge,0.851999,0.4497504624160265
41,53.333333333333336,0.45523317610520936,2025-06-01T20:48:39.943901,Titanic,All_Defaults,"[4, 4, 1]",Binary Decision,Binary Cross-Entropy with Logits,LeakyReLU,None,He (Kaiming),WIP,599059,0.001,100,Did Not Converge,1.025351,0.6270044155890886
42,83.33333333333334,83837032066.51399,2025-06-01T20:48:42.271115,Titanic,All_Defaults,"[4, 4, 1]",Binary Decision,Binary Cross-Entropy with Logits,LeakyReLU,None,Large Random,WIP,599059,9.999999999999999e-06,100,Did Not Converge,1.111866,85825072067.38803
43,60.0,0.8061348733662751,2025-06-01T20:48:44.762110,Titanic,All_Defaults,"[4, 4, 1]",Binary Decision,Binary Cross-Entropy with Logits,LeakyReLU,None,Xavier Kill ReLU,WIP,599059,0.1,100,Did Not Converge,1.020218,0.8061348733662751
44,80.0,0.4007268541032917,2025-06-01T20:48:47.326886,Titanic,All_Defaults,"[4, 4, 1]",Binary Decision,Binary Cross-Entropy with Logits,LeakyReLU,None,LeCun,WIP,599059,0.01,100,Did Not Converge,1.128398,1.1999803873564683
45,50.0,0.6422285702641112,2025-06-01T20:48:49.935775,Titanic,All_Defaults,"[4, 4, 1]",Binary Decision,Binary Cross-Entropy with Logits,LeakyReLU,None,Normal Random,WIP,599059,0.001,100,Did Not Converge,1.046037,0.6788603607688958
46,60.0,0.40003627502846206,2025-06-01T20:48:52.465125,Titanic,All_Defaults,"[4, 4, 1]",Binary Decision,Binary Cross-Entropy with Logits,LeakyReLU,None,Small Random,WIP,599059,9.999999999999999e-05,100,Did Not Converge,1.091697,0.41744772378361134
47,80.0,1.1634999154434356,2025-06-01T20:48:55.022695,Titanic,All_Defaults,"[4, 4, 1]",Binary Decision,Binary Cross-Entropy with Logits,LeakyReLU,None,Uniform Random,WIP,599059,0.01,100,Did Not Converge,1.10136,1.6764649117799517
48,76.66666666666667,1.1510566052292546,2025-06-01T20:48:57.434853,Titanic,All_Defaults,"[4, 4, 1]",Binary Decision,Binary Cross-Entropy with Logits,LeakyReLU,None,Xavier (Glorot),WIP,599059,0.01,100,Did Not Converge,1.041068,1.5966428452299235
49,80.0,0.7056036341714582,2025-06-01T20:48:59.337712,Titanic,All_Defaults,"[4, 4, 1]",Binary Decision,Binary Cross-Entropy with Logits,None,None,He (Kaiming),WIP,599059,0.001,100,Did Not Converge,0.801404,1.1642061456279864
50,80.0,1342843601.4033678,2025-06-01T20:49:01.204377,Titanic,All_Defaults,"[4, 4, 1]",Binary Decision,Binary Cross-Entropy with Logits,None,None,Large Random,WIP,599059,9.999999999999999e-06,100,Did Not Converge,0.862916,6307333075.991174
51,76.66666666666667,0.8450677800037457,2025-06-01T20:49:03.125442,Titanic,All_Defaults,"[4, 4, 1]",Binary Decision,Binary Cross-Entropy with Logits,None,None,Xavier Kill ReLU,WIP,599059,0.01,100,Did Not Converge,0.792715,2.1838367258660267
52,76.66666666666667,0.48980225091350316,2025-06-01T20:49:05.037452,Titanic,All_Defaults,"[4, 4, 1]",Binary Decision,Binary Cross-Entropy with Logits,None,None,LeCun,WIP,599059,0.001,100,Did Not Converge,0.770207,0.9121607575058323
53,80.0,1.22875536181973,2025-06-01T20:49:06.936026,Titanic,All_Defaults,"[4, 4, 1]",Binary Decision,Binary Cross-Entropy with Logits,None,None,Normal Random,WIP,599059,0.001,100,Did Not Converge,0.786714,1.4739645496236402
54,60.0,0.4000434767274919,2025-06-01T20:49:08.960580,Titanic,All_Defaults,"[4, 4, 1]",Binary Decision,Binary Cross-Entropy with Logits,None,None,Small Random,WIP,599059,9.999999999999999e-05,100,Did Not Converge,0.862399,0.41684257404678865
55,70.0,0.5643329491228052,2025-06-01T20:49:10.815698,Titanic,All_Defaults,"[4, 4, 1]",Binary Decision,Binary Cross-Entropy with Logits,None,None,Uniform Random,WIP,599059,9.999999999999999e-05,100,Did Not Converge,0.773821,0.6258257937650133
56,80.0,0.6302782954386064,2025-06-01T20:49:12.684423,Titanic,All_Defaults,"[4, 4, 1]",Binary Decision,Binary Cross-Entropy with Logits,None,None,Xavier (Glorot),WIP,599059,0.001,100,Did Not Converge,0.804652,1.047161196193249
57,56.666666666666664,0.44959589815752893,2025-06-01T20:49:14.911197,Titanic,All_Defaults,"[4, 4, 1]",Binary Decision,Binary Cross-Entropy with Logits,ReLU,None,He (Kaiming),WIP,599059,0.001,100,Did Not Converge,0.947277,0.5924422423029607
58,60.0,0.40051084635287426,2025-06-01T20:49:17.229271,Titanic,All_Defaults,"[4, 4, 1]",Binary Decision,Binary Cross-Entropy with Logits,ReLU,None,Large Random,WIP,599059,0.001,100,Did Not Converge,0.951316,0.6041198336069572
59,60.0,0.8061584159886844,2025-06-01T20:49:19.422861,Titanic,All_Defaults,"[4, 4, 1]",Binary Decision,Binary Cross-Entropy with Logits,ReLU,None,Xavier Kill ReLU,WIP,599059,0.1,100,Did Not Converge,0.895222,0.8061584159886844
60,80.0,0.3998231592290064,2025-06-01T20:49:21.749327,Titanic,All_Defaults,"[4, 4, 1]",Binary Decision,Binary Cross-Entropy with Logits,ReLU,None,LeCun,WIP,599059,0.01,100,Did Not Converge,0.972966,0.7112504659045072
61,50.0,0.6194178752031873,2025-06-01T20:49:24.087912,Titanic,All_Defaults,"[4, 4, 1]",Binary Decision,Binary Cross-Entropy with Logits,ReLU,None,Normal Random,WIP,599059,0.001,100,Did Not Converge,0.986692,0.6471175867156319
62,60.0,0.4000358026167562,2025-06-01T20:49:26.405755,Titanic,All_Defaults,"[4, 4, 1]",Binary Decision,Binary Cross-Entropy with Logits,ReLU,None,Small Random,WIP,599059,9.999999999999999e-05,100,Did Not Converge,0.991167,0.41745456302366185
63,80.0,1.1559192484984513,2025-06-01T20:49:28.807125,Titanic,All_Defaults,"[4, 4, 1]",Binary Decision,Binary Cross-Entropy with Logits,ReLU,None,Uniform Random,WIP,599059,0.01,100,Did Not Converge,1.011842,1.654550425179384
64,80.0,1.159227827810486,2025-06-01T20:49:31.067297,Titanic,All_Defaults,"[4, 4, 1]",Binary Decision,Binary Cross-Entropy with Logits,ReLU,None,Xavier (Glorot),WIP,599059,0.01,100,Did Not Converge,0.922724,1.5356033346803784
65,60.0,0.4114233592149082,2025-06-01T20:49:32.992242,Titanic,All_Defaults,"[4, 4, 1]",Binary Decision,Binary Cross-Entropy with Logits,Sigmoid,None,He (Kaiming),WIP,599059,0.01,100,Did Not Converge,0.803095,0.8116773552364162
66,60.0,7351.359343952956,2025-06-01T20:49:35.040902,Titanic,All_Defaults,"[4, 4, 1]",Binary Decision,Binary Cross-Entropy with Logits,Sigmoid,None,Large Random,WIP,599059,0.1,100,Did Not Converge,0.851764,7351.359343952956
67,60.0,0.7958811809085138,2025-06-01T20:49:36.985033,Titanic,All_Defaults,"[4, 4, 1]",Binary Decision,Binary Cross-Entropy with Logits,Sigmoid,None,Xavier Kill ReLU,WIP,599059,0.1,100,Did Not Converge,0.86082,0.8133083043402646
68,40.0,0.41456604316388496,2025-06-01T20:49:39.215671,Titanic,All_Defaults,"[4, 4, 1]",Binary Decision,Binary Cross-Entropy with Logits,Sigmoid,None,LeCun,WIP,599059,0.001,100,Did Not Converge,0.882021,0.41456604316388496
69,60.0,0.4167759404155679,2025-06-01T20:49:41.147185,Titanic,All_Defaults,"[4, 4, 1]",Binary Decision,Binary Cross-Entropy with Logits,Sigmoid,None,Normal Random,WIP,599059,0.01,100,Did Not Converge,0.75404,0.8187528441606429
70,40.0,0.4005420207244975,2025-06-01T20:49:42.968515,Titanic,All_Defaults,"[4, 4, 1]",Binary Decision,Binary Cross-Entropy with Logits,Sigmoid,None,Small Random,WIP,599059,9.999999999999999e-06,100,Did Not Converge,0.866588,0.4005420207244975
71,73.33333333333333,0.8134554021071448,2025-06-01T20:49:44.898857,Titanic,All_Defaults,"[4, 4, 1]",Binary Decision,Binary Cross-Entropy with Logits,Sigmoid,None,Uniform Random,WIP,599059,0.1,100,Did Not Converge,0.77946,1.5196198083730577
72,73.33333333333333,0.8136576067066543,2025-06-01T20:49:46.897554,Titanic,All_Defaults,"[4, 4, 1]",Binary Decision,Binary Cross-Entropy with Logits,Sigmoid,None,Xavier (Glorot),WIP,599059,0.1,100,Did Not Converge,0.819193,1.536559912887131
73,70.0,0.49717191772796365,2025-06-01T20:49:49.000198,Titanic,All_Defaults,"[4, 4, 1]",Binary Decision,Binary Cross-Entropy with Logits,Tanh,None,He (Kaiming),WIP,599059,0.001,100,Did Not Converge,0.920822,0.7686273313239766
74,63.33333333333333,4120.046013910744,2025-06-01T20:49:51.365674,Titanic,All_Defaults,"[4, 4, 1]",Binary Decision,Binary Cross-Entropy with Logits,Tanh,None,Large Random,WIP,599059,0.01,100,Did Not Converge,1.03878,8396.838861741868
75,86.66666666666667,1.066233263893938,2025-06-01T20:49:53.577354,Titanic,All_Defaults,"[4, 4, 1]",Binary Decision,Binary Cross-Entropy with Logits,Tanh,None,Xavier Kill ReLU,WIP,599059,0.01,100,Did Not Converge,0.870714,1.6290329222575182
76,66.66666666666666,0.46219586337712654,2025-06-01T20:49:55.567902,Titanic,All_Defaults,"[4, 4, 1]",Binary Decision,Binary Cross-Entropy with Logits,Tanh,None,LeCun,WIP,599059,0.001,100,Did Not Converge,0.818532,0.7374073655407063
77,70.0,0.6184598542964515,2025-06-01T20:49:57.654970,Titanic,All_Defaults,"[4, 4, 1]",Binary Decision,Binary Cross-Entropy with Logits,Tanh,None,Normal Random,WIP,599059,0.001,100,Did Not Converge,0.883741,0.8196065237744034
78,60.0,0.4000434281257196,2025-06-01T20:49:59.648741,Titanic,All_Defaults,"[4, 4, 1]",Binary Decision,Binary Cross-Entropy with Logits,Tanh,None,Small Random,WIP,599059,9.999999999999999e-05,100,Did Not Converge,0.79103,0.416842909767626
79,80.0,0.7918409145764465,2025-06-01T20:50:01.660948,Titanic,All_Defaults,"[4, 4, 1]",Binary Decision,Binary Cross-Entropy with Logits,Tanh,None,Uniform Random,WIP,599059,0.01,100,Did Not Converge,0.823399,1.5405649832260193
80,80.0,0.8253304829439485,2025-06-01T20:50:03.677559,Titanic,All_Defaults,"[4, 4, 1]",Binary Decision,Binary Cross-Entropy with Logits,Tanh,None,Xavier (Glorot),WIP,599059,0.01,100,Did Not Converge,0.855271,1.534202461354766
81,40.0,0.28419830347211483,2025-06-01T20:50:06.150861,Titanic,All_Defaults,"[4, 4, 1]",Binary Decision,Half Wit Error,LeakyReLU,None,He (Kaiming),WIP,599059,0.1,100,Did Not Converge,1.028943,0.29972718581167623
82,6.666666666666667,3.5028094911039468e+19,2025-06-01T20:50:06.387098,Titanic,All_Defaults,"[4, 4, 1]",Binary Decision,Half Wit Error,LeakyReLU,None,Large Random,WIP,599059,1.0000000000000005e-14,1,Gradient Explosion,0.00775,3.5028094911039468e+19
83,40.0,0.49239579895847296,2025-06-01T20:50:08.934266,Titanic,All_Defaults,"[4, 4, 1]",Binary Decision,Half Wit Error,LeakyReLU,None,Xavier Kill ReLU,WIP,599059,0.1,100,Did Not Converge,1.05369,0.49239579895847296
84,40.0,0.2710864313230441,2025-06-01T20:50:11.343603,Titanic,All_Defaults,"[4, 4, 1]",Binary Decision,Half Wit Error,LeakyReLU,None,LeCun,WIP,599059,0.1,100,Did Not Converge,0.992591,0.29639974310291667
85,40.0,0.4201349165399869,2025-06-01T20:50:13.751328,Titanic,All_Defaults,"[4, 4, 1]",Binary Decision,Half Wit Error,LeakyReLU,None,Normal Random,WIP,599059,0.01,100,Did Not Converge,1.014418,0.42039450000744183
86,40.0,0.4024134647976848,2025-06-01T20:50:15.713129,Titanic,All_Defaults,"[4, 4, 1]",Binary Decision,Half Wit Error,LeakyReLU,None,Small Random,WIP,599059,1e-06,100,Did Not Converge,0.985694,0.40264357990967076
87,40.0,0.2683127901441737,2025-06-01T20:50:18.151048,Titanic,All_Defaults,"[4, 4, 1]",Binary Decision,Half Wit Error,LeakyReLU,None,Uniform Random,WIP,599059,0.1,100,Did Not Converge,1.023682,0.2683127901441737
88,40.0,0.29216323519621157,2025-06-01T20:50:20.505189,Titanic,All_Defaults,"[4, 4, 1]",Binary Decision,Half Wit Error,LeakyReLU,None,Xavier (Glorot),WIP,599059,0.1,100,Did Not Converge,0.965023,0.29216323519621157
89,40.0,0.2865965868571473,2025-06-01T20:50:22.603340,Titanic,All_Defaults,"[4, 4, 1]",Binary Decision,Half Wit Error,None,None,He (Kaiming),WIP,599059,0.001,100,Did Not Converge,0.67754,0.2865965868571473
90,0.0,9.391763147037202e+20,2025-06-01T20:50:22.828598,Titanic,All_Defaults,"[4, 4, 1]",Binary Decision,Half Wit Error,None,None,Large Random,WIP,599059,1.0000000000000003e-11,1,Gradient Explosion,0.00472,9.391763147037202e+20
91,10.0,0.863714497499264,2025-06-01T20:50:24.716372,Titanic,All_Defaults,"[4, 4, 1]",Binary Decision,Half Wit Error,None,None,Xavier Kill ReLU,WIP,599059,9.999999999999999e-05,100,Did Not Converge,0.769791,0.863714497499264
92,40.0,0.30124375471434234,2025-06-01T20:50:26.562854,Titanic,All_Defaults,"[4, 4, 1]",Binary Decision,Half Wit Error,None,None,LeCun,WIP,599059,0.01,100,Did Not Converge,0.75185,0.30124375471434234
93,40.0,0.28450056113880096,2025-06-01T20:50:28.459571,Titanic,All_Defaults,"[4, 4, 1]",Binary Decision,Half Wit Error,None,None,Normal Random,WIP,599059,0.001,100,Did Not Converge,0.678367,0.29527440516969844
94,40.0,0.4025580935067733,2025-06-01T20:50:29.955442,Titanic,All_Defaults,"[4, 4, 1]",Binary Decision,Half Wit Error,None,None,Small Random,WIP,599059,1e-06,100,Did Not Converge,0.765283,0.40278835073525193
95,40.0,0.2886998537207337,2025-06-01T20:50:31.660070,Titanic,All_Defaults,"[4, 4, 1]",Binary Decision,Half Wit Error,None,None,Uniform Random,WIP,599059,0.01,100,Did Not Converge,0.774586,0.2886998537207337
96,40.0,0.30405987249550875,2025-06-01T20:50:33.759392,Titanic,All_Defaults,"[4, 4, 1]",Binary Decision,Half Wit Error,None,None,Xavier (Glorot),WIP,599059,0.01,100,Did Not Converge,0.736482,0.30405987249550875
97,40.0,0.32462852844017015,2025-06-01T20:50:35.884819,Titanic,All_Defaults,"[4, 4, 1]",Binary Decision,Half Wit Error,ReLU,None,He (Kaiming),WIP,599059,0.1,100,Did Not Converge,0.869287,0.3282371251442276
98,0.0,109773.59010578871,2025-06-01T20:50:37.225160,Titanic,All_Defaults,"[4, 4, 1]",Binary Decision,Half Wit Error,ReLU,None,Large Random,WIP,599059,1.0000000000000005e-14,100,Did Not Converge,0.877707,109773.59010578871
99,40.0,0.4218945427145513,2025-06-01T20:50:39.378948,Titanic,All_Defaults,"[4, 4, 1]",Binary Decision,Half Wit Error,ReLU,None,Xavier Kill ReLU,WIP,599059,0.01,100,Did Not Converge,0.895646,0.4822879128226906
100,40.0,0.24553079808656217,2025-06-01T20:50:41.555426,Titanic,All_Defaults,"[4, 4, 1]",Binary Decision,Half Wit Error,ReLU,None,LeCun,WIP,599059,0.1,100,Did Not Converge,0.921496,0.24553079808656217
101,40.0,0.4231800672173255,2025-06-01T20:50:43.667442,Titanic,All_Defaults,"[4, 4, 1]",Binary Decision,Half Wit Error,ReLU,None,Normal Random,WIP,599059,0.01,100,Did Not Converge,0.898407,0.4231800672173255
102,40.0,0.40241199461075483,2025-06-01T20:50:45.416863,Titanic,All_Defaults,"[4, 4, 1]",Binary Decision,Half Wit Error,ReLU,None,Small Random,WIP,599059,1e-06,100,Did Not Converge,0.867703,0.4026421140456604
103,40.0,0.27490278742696633,2025-06-01T20:50:47.554121,Titanic,All_Defaults,"[4, 4, 1]",Binary Decision,Half Wit Error,ReLU,None,Uniform Random,WIP,599059,0.1,100,Did Not Converge,0.884958,0.27739457361550496
104,40.0,0.37937491984456895,2025-06-01T20:50:49.743277,Titanic,All_Defaults,"[4, 4, 1]",Binary Decision,Half Wit Error,ReLU,None,Xavier (Glorot),WIP,599059,0.1,100,Did Not Converge,0.918097,0.3829261988620308
105,40.0,0.30446148160671654,2025-06-01T20:50:51.564904,Titanic,All_Defaults,"[4, 4, 1]",Binary Decision,Half Wit Error,Sigmoid,None,He (Kaiming),WIP,599059,0.1,100,Did Not Converge,0.789983,0.30446148160671654
106,40.0,0.5126793119820894,2025-06-01T20:50:53.517333,Titanic,All_Defaults,"[4, 4, 1]",Binary Decision,Half Wit Error,Sigmoid,None,Large Random,WIP,599059,0.1,100,Did Not Converge,0.81782,0.5126793119820894
107,40.0,0.49222180318665626,2025-06-01T20:50:55.343231,Titanic,All_Defaults,"[4, 4, 1]",Binary Decision,Half Wit Error,Sigmoid,None,Xavier Kill ReLU,WIP,599059,0.1,100,Did Not Converge,0.709932,0.49222180318665626
108,40.0,0.4781614777065985,2025-06-01T20:50:57.212763,Titanic,All_Defaults,"[4, 4, 1]",Binary Decision,Half Wit Error,Sigmoid,None,LeCun,WIP,599059,0.01,100,Did Not Converge,0.779335,0.4781614777065985
109,40.0,0.3019392319632671,2025-06-01T20:50:59.075612,Titanic,All_Defaults,"[4, 4, 1]",Binary Decision,Half Wit Error,Sigmoid,None,Normal Random,WIP,599059,0.1,100,Did Not Converge,0.784982,0.3019392319632671
110,40.0,0.4017425921932626,2025-06-01T20:51:00.607516,Titanic,All_Defaults,"[4, 4, 1]",Binary Decision,Half Wit Error,Sigmoid,None,Small Random,WIP,599059,1e-06,100,Did Not Converge,0.793642,0.4022018885468995
111,40.0,0.3034156598326419,2025-06-01T20:51:02.436391,Titanic,All_Defaults,"[4, 4, 1]",Binary Decision,Half Wit Error,Sigmoid,None,Uniform Random,WIP,599059,0.1,100,Did Not Converge,0.727475,0.3034156598326419
112,40.0,0.2991589168427882,2025-06-01T20:51:04.435410,Titanic,All_Defaults,"[4, 4, 1]",Binary Decision,Half Wit Error,Sigmoid,None,Xavier (Glorot),WIP,599059,0.1,100,Did Not Converge,0.806212,0.2991589168427882
113,40.0,0.2889800014904338,2025-06-01T20:51:06.465982,Titanic,All_Defaults,"[4, 4, 1]",Binary Decision,Half Wit Error,Tanh,None,He (Kaiming),WIP,599059,0.1,100,Did Not Converge,0.85931,0.2889800014904338
114,36.666666666666664,0.5173563555764488,2025-06-01T20:51:08.364813,Titanic,All_Defaults,"[4, 4, 1]",Binary Decision,Half Wit Error,Tanh,None,Large Random,WIP,599059,0.1,100,Did Not Converge,0.797639,0.5173563555764855
115,40.0,0.41345094051223863,2025-06-01T20:51:10.298200,Titanic,All_Defaults,"[4, 4, 1]",Binary Decision,Half Wit Error,Tanh,None,Xavier Kill ReLU,WIP,599059,0.01,100,Did Not Converge,0.803432,0.41345094051223863
116,40.0,0.2740678829481609,2025-06-01T20:51:12.180072,Titanic,All_Defaults,"[4, 4, 1]",Binary Decision,Half Wit Error,Tanh,None,LeCun,WIP,599059,0.1,100,Did Not Converge,0.761162,0.2740678829481609
117,40.0,0.23873509123621378,2025-06-01T20:51:14.129280,Titanic,All_Defaults,"[4, 4, 1]",Binary Decision,Half Wit Error,Tanh,None,Normal Random,WIP,599059,0.1,100,Did Not Converge,0.823862,0.23873509123621378
118,40.0,0.4025580068922975,2025-06-01T20:51:15.730247,Titanic,All_Defaults,"[4, 4, 1]",Binary Decision,Half Wit Error,Tanh,None,Small Random,WIP,599059,1e-06,100,Did Not Converge,0.852758,0.4027882636141228
119,40.0,0.27588826927378585,2025-06-01T20:51:17.684711,Titanic,All_Defaults,"[4, 4, 1]",Binary Decision,Half Wit Error,Tanh,None,Uniform Random,WIP,599059,0.1,100,Did Not Converge,0.798021,0.27588826927378585
120,40.0,0.31257642303816263,2025-06-01T20:51:19.590017,Titanic,All_Defaults,"[4, 4, 1]",Binary Decision,Half Wit Error,Tanh,None,Xavier (Glorot),WIP,599059,0.1,100,Did Not Converge,0.747479,0.31257642303816263
121,86.66666666666667,0.38960690414384624,2025-06-01T20:51:22.320345,Titanic,All_Defaults,"[4, 4, 1]",Binary Decision,Hinge Loss,LeakyReLU,Tanh,He (Kaiming),WIP,599059,0.1,100,Did Not Converge,1.151472,0.39565118489222534
122,73.33333333333333,0.3333333333333333,2025-06-01T20:51:24.803606,Titanic,All_Defaults,"[4, 4, 1]",Binary Decision,Hinge Loss,LeakyReLU,Tanh,Large Random,WIP,599059,9.999999999999999e-06,100,Did Not Converge,1.129591,0.5333333333333333
123,60.0,0.8699179593453127,2025-06-01T20:51:26.989398,Titanic,All_Defaults,"[4, 4, 1]",Binary Decision,Hinge Loss,LeakyReLU,Tanh,Xavier Kill ReLU,WIP,599059,1e-06,100,Did Not Converge,1.079917,0.8700230363890278
124,70.0,0.38539038834067907,2025-06-01T20:51:29.480572,Titanic,All_Defaults,"[4, 4, 1]",Binary Decision,Hinge Loss,LeakyReLU,Tanh,LeCun,WIP,599059,0.1,100,Did Not Converge,1.01077,0.7907897459952863
125,66.66666666666666,0.801031004076784,2025-06-01T20:51:32.005268,Titanic,All_Defaults,"[4, 4, 1]",Binary Decision,Hinge Loss,LeakyReLU,Tanh,Normal Random,WIP,599059,0.01,100,Did Not Converge,1.07444,0.801031004076784
126,60.0,0.9638722856314307,2025-06-01T20:51:34.482741,Titanic,All_Defaults,"[4, 4, 1]",Binary Decision,Hinge Loss,LeakyReLU,Tanh,Small Random,WIP,599059,0.01,100,Did Not Converge,1.011119,0.9638722856314307
127,60.0,0.825056338450009,2025-06-01T20:51:36.598356,Titanic,All_Defaults,"[4, 4, 1]",Binary Decision,Hinge Loss,LeakyReLU,Tanh,Uniform Random,WIP,599059,1e-06,100,Did Not Converge,1.104084,0.8251334304412823
128,60.0,0.8025880725951744,2025-06-01T20:51:38.625888,Titanic,All_Defaults,"[4, 4, 1]",Binary Decision,Hinge Loss,LeakyReLU,Tanh,Xavier (Glorot),WIP,599059,1e-06,100,Did Not Converge,1.086855,0.8026033930113713
129,76.66666666666667,0.5664551993908263,2025-06-01T20:51:40.524126,Titanic,All_Defaults,"[4, 4, 1]",Binary Decision,Hinge Loss,None,Tanh,He (Kaiming),WIP,599059,0.1,100,Did Not Converge,0.792856,0.5664551993908263
130,80.0,0.3333333333333333,2025-06-01T20:51:42.047069,Titanic,All_Defaults,"[4, 4, 1]",Binary Decision,Hinge Loss,None,Tanh,Large Random,WIP,599059,1e-06,100,Did Not Converge,0.789587,0.4
131,73.33333333333333,0.5774322448402912,2025-06-01T20:51:43.981038,Titanic,All_Defaults,"[4, 4, 1]",Binary Decision,Hinge Loss,None,Tanh,Xavier Kill ReLU,WIP,599059,0.1,100,Did Not Converge,0.799067,0.5774322448402912
132,76.66666666666667,0.5655131412020786,2025-06-01T20:51:45.831943,Titanic,All_Defaults,"[4, 4, 1]",Binary Decision,Hinge Loss,None,Tanh,LeCun,WIP,599059,0.1,100,Did Not Converge,0.784464,0.5655131412020786
133,80.0,0.5427123364579511,2025-06-01T20:51:47.728508,Titanic,All_Defaults,"[4, 4, 1]",Binary Decision,Hinge Loss,None,Tanh,Normal Random,WIP,599059,0.001,100,Did Not Converge,0.784249,0.5470420012501601
134,60.0,0.9638769055873293,2025-06-01T20:51:49.563024,Titanic,All_Defaults,"[4, 4, 1]",Binary Decision,Hinge Loss,None,Tanh,Small Random,WIP,599059,0.01,100,Did Not Converge,0.723922,0.9638769055873293
135,76.66666666666667,0.5663889304027604,2025-06-01T20:51:51.465993,Titanic,All_Defaults,"[4, 4, 1]",Binary Decision,Hinge Loss,None,Tanh,Uniform Random,WIP,599059,0.1,100,Did Not Converge,0.786326,0.5663889304027604
136,76.66666666666667,0.5546443156229939,2025-06-01T20:51:53.317371,Titanic,All_Defaults,"[4, 4, 1]",Binary Decision,Hinge Loss,None,Tanh,Xavier (Glorot),WIP,599059,0.01,100,Did Not Converge,0.728072,0.5546443156229939
137,86.66666666666667,0.32113193307917315,2025-06-01T20:51:55.570763,Titanic,All_Defaults,"[4, 4, 1]",Binary Decision,Hinge Loss,ReLU,Tanh,He (Kaiming),WIP,599059,0.1,100,Did Not Converge,0.951089,0.3601411455014564
138,63.33333333333333,0.600002285396345,2025-06-01T20:51:57.767268,Titanic,All_Defaults,"[4, 4, 1]",Binary Decision,Hinge Loss,ReLU,Tanh,Large Random,WIP,599059,9.999999999999999e-06,100,Did Not Converge,1.068829,0.6343233769317944
139,60.0,0.8476822032703824,2025-06-01T20:51:59.989953,Titanic,All_Defaults,"[4, 4, 1]",Binary Decision,Hinge Loss,ReLU,Tanh,Xavier Kill ReLU,WIP,599059,1e-06,100,Did Not Converge,1.173036,0.8477646096589377
140,86.66666666666667,0.39833065934264256,2025-06-01T20:52:02.504264,Titanic,All_Defaults,"[4, 4, 1]",Binary Decision,Hinge Loss,ReLU,Tanh,LeCun,WIP,599059,0.1,100,Did Not Converge,0.947562,0.3986066265505561
141,66.66666666666666,0.8032289487815388,2025-06-01T20:52:04.851678,Titanic,All_Defaults,"[4, 4, 1]",Binary Decision,Hinge Loss,ReLU,Tanh,Normal Random,WIP,599059,0.01,100,Did Not Converge,0.969758,0.8032289487815388
142,60.0,0.9638722892756907,2025-06-01T20:52:07.196572,Titanic,All_Defaults,"[4, 4, 1]",Binary Decision,Hinge Loss,ReLU,Tanh,Small Random,WIP,599059,0.01,100,Did Not Converge,1.016498,0.9638722892756907
143,60.0,0.8248409406862784,2025-06-01T20:52:09.102320,Titanic,All_Defaults,"[4, 4, 1]",Binary Decision,Hinge Loss,ReLU,Tanh,Uniform Random,WIP,599059,1e-06,100,Did Not Converge,1.006957,0.8249170360128281
144,60.0,0.8025245399555138,2025-06-01T20:52:10.958628,Titanic,All_Defaults,"[4, 4, 1]",Binary Decision,Hinge Loss,ReLU,Tanh,Xavier (Glorot),WIP,599059,1e-06,100,Did Not Converge,0.967983,0.8025393727101069
145,76.66666666666667,0.5793173072045374,2025-06-01T20:52:13.057127,Titanic,All_Defaults,"[4, 4, 1]",Binary Decision,Hinge Loss,Sigmoid,Tanh,He (Kaiming),WIP,599059,0.1,100,Did Not Converge,0.86919,0.5793173072045374
146,60.0,0.7670667214935077,2025-06-01T20:52:14.763113,Titanic,All_Defaults,"[4, 4, 1]",Binary Decision,Hinge Loss,Sigmoid,Tanh,Large Random,WIP,599059,1e-06,100,Did Not Converge,0.889787,0.7670772394642417
147,60.0,0.8321961193629236,2025-06-01T20:52:16.384808,Titanic,All_Defaults,"[4, 4, 1]",Binary Decision,Hinge Loss,Sigmoid,Tanh,Xavier Kill ReLU,WIP,599059,1e-06,100,Did Not Converge,0.787011,0.8322552991198485
148,76.66666666666667,0.5805360347887202,2025-06-01T20:52:18.440604,Titanic,All_Defaults,"[4, 4, 1]",Binary Decision,Hinge Loss,Sigmoid,Tanh,LeCun,WIP,599059,0.1,100,Did Not Converge,0.838877,0.5805360347887202
149,83.33333333333334,0.5287199622642018,2025-06-01T20:52:20.527252,Titanic,All_Defaults,"[4, 4, 1]",Binary Decision,Hinge Loss,Sigmoid,Tanh,Normal Random,WIP,599059,0.1,100,Did Not Converge,0.87081,0.5287199622642018
150,60.0,0.9671891055870118,2025-06-01T20:52:22.480419,Titanic,All_Defaults,"[4, 4, 1]",Binary Decision,Hinge Loss,Sigmoid,Tanh,Small Random,WIP,599059,0.01,100,Did Not Converge,0.819786,0.9671891055870118
151,60.0,0.8068611431412658,2025-06-01T20:52:24.102548,Titanic,All_Defaults,"[4, 4, 1]",Binary Decision,Hinge Loss,Sigmoid,Tanh,Uniform Random,WIP,599059,1e-06,100,Did Not Converge,0.796327,0.8068915255556376
152,60.0,0.8010054009731152,2025-06-01T20:52:25.813154,Titanic,All_Defaults,"[4, 4, 1]",Binary Decision,Hinge Loss,Sigmoid,Tanh,Xavier (Glorot),WIP,599059,1e-06,100,Did Not Converge,0.87651,0.8010100820500229
153,96.66666666666667,0.1482480235119122,2025-06-01T20:52:27.905497,Titanic,All_Defaults,"[4, 4, 1]",Binary Decision,Hinge Loss,Tanh,Tanh,He (Kaiming),WIP,599059,0.1,100,Did Not Converge,0.823618,0.1482480235119122
154,66.66666666666666,0.4,2025-06-01T20:52:30.381014,Titanic,All_Defaults,"[4, 4, 1]",Binary Decision,Hinge Loss,Tanh,Tanh,Large Random,WIP,599059,9.999999999999999e-05,100,Did Not Converge,0.90689,0.6666666666666666
155,90.0,0.27286335783626126,2025-06-01T20:52:32.384219,Titanic,All_Defaults,"[4, 4, 1]",Binary Decision,Hinge Loss,Tanh,Tanh,Xavier Kill ReLU,WIP,599059,0.1,100,Did Not Converge,0.790298,0.318212243245584
156,76.66666666666667,0.46846585699998744,2025-06-01T20:52:34.436031,Titanic,All_Defaults,"[4, 4, 1]",Binary Decision,Hinge Loss,Tanh,Tanh,LeCun,WIP,599059,0.1,100,Did Not Converge,0.86549,0.46846585699998744
157,96.66666666666667,0.12374704109852547,2025-06-01T20:52:36.504218,Titanic,All_Defaults,"[4, 4, 1]",Binary Decision,Hinge Loss,Tanh,Tanh,Normal Random,WIP,599059,0.1,100,Did Not Converge,0.84732,0.12374704109852547
158,60.0,0.9638769236360097,2025-06-01T20:52:38.513029,Titanic,All_Defaults,"[4, 4, 1]",Binary Decision,Hinge Loss,Tanh,Tanh,Small Random,WIP,599059,0.01,100,Did Not Converge,0.805316,0.9638769236360097
159,80.0,0.5000094360549093,2025-06-01T20:52:40.600508,Titanic,All_Defaults,"[4, 4, 1]",Binary Decision,Hinge Loss,Tanh,Tanh,Uniform Random,WIP,599059,0.1,100,Did Not Converge,0.862357,0.5000094360549093
160,60.0,0.8443149467377835,2025-06-01T20:52:42.257901,Titanic,All_Defaults,"[4, 4, 1]",Binary Decision,Hinge Loss,Tanh,Tanh,Xavier (Glorot),WIP,599059,1e-06,100,Did Not Converge,0.861905,0.8445164438838836
161,40.0,0.28803468879322375,2025-06-01T20:52:44.838027,Titanic,All_Defaults,"[4, 4, 1]",Binary Decision,Huber Loss,LeakyReLU,None,He (Kaiming),WIP,599059,0.1,100,Did Not Converge,1.111792,0.2970901395729421
162,23.333333333333332,828644479.0515683,2025-06-01T20:52:47.646318,Titanic,All_Defaults,"[4, 4, 1]",Binary Decision,Huber Loss,LeakyReLU,None,Large Random,WIP,599059,9.999999999999999e-06,100,Did Not Converge,1.474673,906628860.767654
163,40.0,0.4916218093625581,2025-06-01T20:52:50.338859,Titanic,All_Defaults,"[4, 4, 1]",Binary Decision,Huber Loss,LeakyReLU,None,Xavier Kill ReLU,WIP,599059,0.1,100,Did Not Converge,1.058774,0.4916218093625581
164,40.0,0.2710864313230441,2025-06-01T20:52:52.984788,Titanic,All_Defaults,"[4, 4, 1]",Binary Decision,Huber Loss,LeakyReLU,None,LeCun,WIP,599059,0.1,100,Did Not Converge,1.018929,0.29639974310291667
165,40.0,0.4167916498880034,2025-06-01T20:52:55.543109,Titanic,All_Defaults,"[4, 4, 1]",Binary Decision,Huber Loss,LeakyReLU,None,Normal Random,WIP,599059,0.01,100,Did Not Converge,1.073623,0.4169673001028489
166,40.0,0.4024134647976848,2025-06-01T20:52:57.578491,Titanic,All_Defaults,"[4, 4, 1]",Binary Decision,Huber Loss,LeakyReLU,None,Small Random,WIP,599059,1e-06,100,Did Not Converge,1.006178,0.40264357990967076
167,40.0,0.27534304519203356,2025-06-01T20:53:00.128839,Titanic,All_Defaults,"[4, 4, 1]",Binary Decision,Huber Loss,LeakyReLU,None,Uniform Random,WIP,599059,0.1,100,Did Not Converge,1.082,0.27629126371324186
168,40.0,0.3202941611815459,2025-06-01T20:53:02.615785,Titanic,All_Defaults,"[4, 4, 1]",Binary Decision,Huber Loss,LeakyReLU,None,Xavier (Glorot),WIP,599059,0.01,100,Did Not Converge,1.025449,0.3202941611815459
169,40.0,0.2866239559706043,2025-06-01T20:53:04.532343,Titanic,All_Defaults,"[4, 4, 1]",Binary Decision,Huber Loss,None,None,He (Kaiming),WIP,599059,0.001,100,Did Not Converge,0.796981,0.2866239559706043
170,20.0,67501299.7289179,2025-06-01T20:53:06.292603,Titanic,All_Defaults,"[4, 4, 1]",Binary Decision,Huber Loss,None,None,Large Random,WIP,599059,9.999999999999999e-06,100,Did Not Converge,0.733473,67501299.7289179
171,40.0,0.28528551539011837,2025-06-01T20:53:08.357737,Titanic,All_Defaults,"[4, 4, 1]",Binary Decision,Huber Loss,None,None,Xavier Kill ReLU,WIP,599059,0.01,100,Did Not Converge,0.878515,0.28528551539011837
172,40.0,0.29658080621153665,2025-06-01T20:53:10.342022,Titanic,All_Defaults,"[4, 4, 1]",Binary Decision,Huber Loss,None,None,LeCun,WIP,599059,0.01,100,Did Not Converge,0.823542,0.30167947624172275
173,40.0,0.28342045178092495,2025-06-01T20:53:12.237327,Titanic,All_Defaults,"[4, 4, 1]",Binary Decision,Huber Loss,None,None,Normal Random,WIP,599059,0.001,100,Did Not Converge,0.793862,0.2999500302227858
174,40.0,0.4025580935067733,2025-06-01T20:53:13.871491,Titanic,All_Defaults,"[4, 4, 1]",Binary Decision,Huber Loss,None,None,Small Random,WIP,599059,1e-06,100,Did Not Converge,0.824184,0.40278835073525193
175,40.0,0.3113628673551533,2025-06-01T20:53:15.738654,Titanic,All_Defaults,"[4, 4, 1]",Binary Decision,Huber Loss,None,None,Uniform Random,WIP,599059,0.1,100,Did Not Converge,0.783419,0.3113628673551533
176,40.0,0.31296015342094635,2025-06-01T20:53:17.661392,Titanic,All_Defaults,"[4, 4, 1]",Binary Decision,Huber Loss,None,None,Xavier (Glorot),WIP,599059,0.1,100,Did Not Converge,0.796174,0.31296015342094635
177,40.0,0.2988955086100375,2025-06-01T20:53:20.026809,Titanic,All_Defaults,"[4, 4, 1]",Binary Decision,Huber Loss,ReLU,None,He (Kaiming),WIP,599059,0.1,100,Did Not Converge,0.927028,0.30297849876559374
178,40.0,0.40282379190766543,2025-06-01T20:53:22.393557,Titanic,All_Defaults,"[4, 4, 1]",Binary Decision,Huber Loss,ReLU,None,Large Random,WIP,599059,9.999999999999999e-05,100,Did Not Converge,0.974375,0.4224893427824253
179,40.0,0.42228394709544304,2025-06-01T20:53:24.663742,Titanic,All_Defaults,"[4, 4, 1]",Binary Decision,Huber Loss,ReLU,None,Xavier Kill ReLU,WIP,599059,0.01,100,Did Not Converge,0.913736,0.482287912822683
180,40.0,0.23181630581650747,2025-06-01T20:53:26.960245,Titanic,All_Defaults,"[4, 4, 1]",Binary Decision,Huber Loss,ReLU,None,LeCun,WIP,599059,0.1,100,Did Not Converge,0.976361,0.23181630581650747
181,40.0,0.4193905273013697,2025-06-01T20:53:29.286413,Titanic,All_Defaults,"[4, 4, 1]",Binary Decision,Huber Loss,ReLU,None,Normal Random,WIP,599059,0.01,100,Did Not Converge,0.978237,0.41957869740311377
182,40.0,0.40241199461075483,2025-06-01T20:53:31.102176,Titanic,All_Defaults,"[4, 4, 1]",Binary Decision,Huber Loss,ReLU,None,Small Random,WIP,599059,1e-06,100,Did Not Converge,0.962493,0.4026421140456604
183,40.0,0.2797862333173838,2025-06-01T20:53:33.461785,Titanic,All_Defaults,"[4, 4, 1]",Binary Decision,Huber Loss,ReLU,None,Uniform Random,WIP,599059,0.1,100,Did Not Converge,0.971207,0.2862514099875959
184,40.0,0.3527140652045767,2025-06-01T20:53:35.671704,Titanic,All_Defaults,"[4, 4, 1]",Binary Decision,Huber Loss,ReLU,None,Xavier (Glorot),WIP,599059,0.1,100,Did Not Converge,0.922471,0.3531962581584222
185,40.0,0.3045035273951386,2025-06-01T20:53:37.693591,Titanic,All_Defaults,"[4, 4, 1]",Binary Decision,Huber Loss,Sigmoid,None,He (Kaiming),WIP,599059,0.1,100,Did Not Converge,0.840422,0.3045035273951386
186,13.333333333333334,7193.772326006646,2025-06-01T20:53:39.733411,Titanic,All_Defaults,"[4, 4, 1]",Binary Decision,Huber Loss,Sigmoid,None,Large Random,WIP,599059,0.1,100,Did Not Converge,0.792953,7193.772326006646
187,40.0,0.4914658347446284,2025-06-01T20:53:41.767117,Titanic,All_Defaults,"[4, 4, 1]",Binary Decision,Huber Loss,Sigmoid,None,Xavier Kill ReLU,WIP,599059,0.1,100,Did Not Converge,0.824694,0.4914658347446284
188,40.0,0.47816134045813197,2025-06-01T20:53:43.683689,Titanic,All_Defaults,"[4, 4, 1]",Binary Decision,Huber Loss,Sigmoid,None,LeCun,WIP,599059,0.01,100,Did Not Converge,0.74184,0.47816134045813197
189,40.0,0.3021507734144844,2025-06-01T20:53:45.691613,Titanic,All_Defaults,"[4, 4, 1]",Binary Decision,Huber Loss,Sigmoid,None,Normal Random,WIP,599059,0.1,100,Did Not Converge,0.827892,0.3021507734144844
190,40.0,0.4017425921932626,2025-06-01T20:53:47.261433,Titanic,All_Defaults,"[4, 4, 1]",Binary Decision,Huber Loss,Sigmoid,None,Small Random,WIP,599059,1e-06,100,Did Not Converge,0.767295,0.4022018885468995
191,40.0,0.3034048286356717,2025-06-01T20:53:49.252294,Titanic,All_Defaults,"[4, 4, 1]",Binary Decision,Huber Loss,Sigmoid,None,Uniform Random,WIP,599059,0.1,100,Did Not Converge,0.813256,0.3034048286356717
192,40.0,0.29936486271335344,2025-06-01T20:53:51.259722,Titanic,All_Defaults,"[4, 4, 1]",Binary Decision,Huber Loss,Sigmoid,None,Xavier (Glorot),WIP,599059,0.1,100,Did Not Converge,0.820738,0.29936486271335344
193,40.0,0.261090075831231,2025-06-01T20:53:53.235746,Titanic,All_Defaults,"[4, 4, 1]",Binary Decision,Huber Loss,Tanh,None,He (Kaiming),WIP,599059,0.1,100,Did Not Converge,0.840574,0.261090075831231
194,20.0,10631.510575391358,2025-06-01T20:53:54.860497,Titanic,All_Defaults,"[4, 4, 1]",Binary Decision,Huber Loss,Tanh,None,Large Random,WIP,599059,1e-06,100,Did Not Converge,0.788108,16925.426200813174
195,40.0,0.25535465055329704,2025-06-01T20:53:56.935101,Titanic,All_Defaults,"[4, 4, 1]",Binary Decision,Huber Loss,Tanh,None,Xavier Kill ReLU,WIP,599059,0.1,100,Did Not Converge,0.857718,0.2588236612918982
196,40.0,0.26573854273566866,2025-06-01T20:53:58.967178,Titanic,All_Defaults,"[4, 4, 1]",Binary Decision,Huber Loss,Tanh,None,LeCun,WIP,599059,0.1,100,Did Not Converge,0.832151,0.26573854273566866
197,40.0,0.2777097705098793,2025-06-01T20:54:00.964392,Titanic,All_Defaults,"[4, 4, 1]",Binary Decision,Huber Loss,Tanh,None,Normal Random,WIP,599059,0.1,100,Did Not Converge,0.849268,0.2777097705098793
198,40.0,0.4025580068922975,2025-06-01T20:54:02.553334,Titanic,All_Defaults,"[4, 4, 1]",Binary Decision,Huber Loss,Tanh,None,Small Random,WIP,599059,1e-06,100,Did Not Converge,0.784142,0.4027882636141228
199,40.0,0.2962900913479788,2025-06-01T20:54:04.594703,Titanic,All_Defaults,"[4, 4, 1]",Binary Decision,Huber Loss,Tanh,None,Uniform Random,WIP,599059,0.1,100,Did Not Converge,0.840815,0.2962900913479788
200,40.0,0.3123156554243522,2025-06-01T20:54:06.634442,Titanic,All_Defaults,"[4, 4, 1]",Binary Decision,Huber Loss,Tanh,None,Xavier (Glorot),WIP,599059,0.1,100,Did Not Converge,0.840397,0.31517274414178437
201,40.0,0.28213992829871554,2025-06-01T20:54:09.094208,Titanic,All_Defaults,"[4, 4, 1]",Binary Decision,Log-Cosh Loss,LeakyReLU,None,He (Kaiming),WIP,599059,0.1,100,Did Not Converge,1.043557,0.2855346181531823
202,23.333333333333332,828644479.0515683,2025-06-01T20:54:11.482123,Titanic,All_Defaults,"[4, 4, 1]",Binary Decision,Log-Cosh Loss,LeakyReLU,None,Large Random,WIP,599059,9.999999999999999e-06,100,Did Not Converge,1.069712,906628860.767654
203,40.0,0.4489090391552437,2025-06-01T20:54:13.925414,Titanic,All_Defaults,"[4, 4, 1]",Binary Decision,Log-Cosh Loss,LeakyReLU,None,Xavier Kill ReLU,WIP,599059,0.01,100,Did Not Converge,0.980811,0.4931188985471444
204,40.0,0.2610798344273055,2025-06-01T20:54:16.445276,Titanic,All_Defaults,"[4, 4, 1]",Binary Decision,Log-Cosh Loss,LeakyReLU,None,LeCun,WIP,599059,0.1,100,Did Not Converge,1.046981,0.2878152244642075
205,40.0,0.4106337641078781,2025-06-01T20:54:18.861205,Titanic,All_Defaults,"[4, 4, 1]",Binary Decision,Log-Cosh Loss,LeakyReLU,None,Normal Random,WIP,599059,0.01,100,Did Not Converge,0.990237,0.41080012706530844
206,40.0,0.40241282437172976,2025-06-01T20:54:20.907580,Titanic,All_Defaults,"[4, 4, 1]",Binary Decision,Log-Cosh Loss,LeakyReLU,None,Small Random,WIP,599059,1e-06,100,Did Not Converge,1.04455,0.40258808299615173
207,40.0,0.2797396439051061,2025-06-01T20:54:23.346689,Titanic,All_Defaults,"[4, 4, 1]",Binary Decision,Log-Cosh Loss,LeakyReLU,None,Uniform Random,WIP,599059,0.1,100,Did Not Converge,1.001878,0.2797396439051061
208,40.0,0.31762446872556627,2025-06-01T20:54:25.989463,Titanic,All_Defaults,"[4, 4, 1]",Binary Decision,Log-Cosh Loss,LeakyReLU,None,Xavier (Glorot),WIP,599059,0.01,100,Did Not Converge,1.071842,0.31937762735875364
209,40.0,0.27988699686368257,2025-06-01T20:54:27.879443,Titanic,All_Defaults,"[4, 4, 1]",Binary Decision,Log-Cosh Loss,None,None,He (Kaiming),WIP,599059,0.001,100,Did Not Converge,0.721709,0.27988699686368257
210,20.0,67501299.7289179,2025-06-01T20:54:29.693782,Titanic,All_Defaults,"[4, 4, 1]",Binary Decision,Log-Cosh Loss,None,None,Large Random,WIP,599059,9.999999999999999e-06,100,Did Not Converge,0.79773,67501299.7289179
211,40.0,0.3061942795801853,2025-06-01T20:54:31.593313,Titanic,All_Defaults,"[4, 4, 1]",Binary Decision,Log-Cosh Loss,None,None,Xavier Kill ReLU,WIP,599059,0.1,100,Did Not Converge,0.770392,0.3061942795801853
212,40.0,0.28640921958427173,2025-06-01T20:54:33.411541,Titanic,All_Defaults,"[4, 4, 1]",Binary Decision,Log-Cosh Loss,None,None,LeCun,WIP,599059,0.01,100,Did Not Converge,0.747479,0.29368245028039797
213,40.0,0.27560647606815497,2025-06-01T20:54:35.279767,Titanic,All_Defaults,"[4, 4, 1]",Binary Decision,Log-Cosh Loss,None,None,Normal Random,WIP,599059,0.001,100,Did Not Converge,0.765448,0.28388696015379816
214,40.0,0.40255745263265913,2025-06-01T20:54:36.745133,Titanic,All_Defaults,"[4, 4, 1]",Binary Decision,Log-Cosh Loss,None,None,Small Random,WIP,599059,1e-06,100,Did Not Converge,0.757071,0.40273281545871265
215,40.0,0.30351639351799103,2025-06-01T20:54:38.639427,Titanic,All_Defaults,"[4, 4, 1]",Binary Decision,Log-Cosh Loss,None,None,Uniform Random,WIP,599059,0.1,100,Did Not Converge,0.774051,0.30351639351799103
216,40.0,0.30570562790124645,2025-06-01T20:54:40.461224,Titanic,All_Defaults,"[4, 4, 1]",Binary Decision,Log-Cosh Loss,None,None,Xavier (Glorot),WIP,599059,0.1,100,Did Not Converge,0.767605,0.30570562790124645
217,40.0,0.28502248111154016,2025-06-01T20:54:42.686544,Titanic,All_Defaults,"[4, 4, 1]",Binary Decision,Log-Cosh Loss,ReLU,None,He (Kaiming),WIP,599059,0.1,100,Did Not Converge,0.925692,0.2905955770782327
218,40.0,0.4027277436960301,2025-06-01T20:54:44.874553,Titanic,All_Defaults,"[4, 4, 1]",Binary Decision,Log-Cosh Loss,ReLU,None,Large Random,WIP,599059,9.999999999999999e-05,100,Did Not Converge,0.871084,0.41819413606568623
219,40.0,0.4199015675992893,2025-06-01T20:54:47.087950,Titanic,All_Defaults,"[4, 4, 1]",Binary Decision,Log-Cosh Loss,ReLU,None,Xavier Kill ReLU,WIP,599059,0.01,100,Did Not Converge,0.907769,0.47877579328035014
220,40.0,0.2603494176376687,2025-06-01T20:54:49.376507,Titanic,All_Defaults,"[4, 4, 1]",Binary Decision,Log-Cosh Loss,ReLU,None,LeCun,WIP,599059,0.1,100,Did Not Converge,0.956806,0.2715518543113315
221,40.0,0.4125746422088758,2025-06-01T20:54:51.570588,Titanic,All_Defaults,"[4, 4, 1]",Binary Decision,Log-Cosh Loss,ReLU,None,Normal Random,WIP,599059,0.01,100,Did Not Converge,0.918753,0.4125746422088758
222,40.0,0.40241135417325463,2025-06-01T20:54:53.344094,Titanic,All_Defaults,"[4, 4, 1]",Binary Decision,Log-Cosh Loss,ReLU,None,Small Random,WIP,599059,1e-06,100,Did Not Converge,0.872901,0.40258661613194413
223,40.0,0.28089943580002374,2025-06-01T20:54:55.583686,Titanic,All_Defaults,"[4, 4, 1]",Binary Decision,Log-Cosh Loss,ReLU,None,Uniform Random,WIP,599059,0.1,100,Did Not Converge,0.919615,0.28419683226064085
224,40.0,0.3205228120071383,2025-06-01T20:54:57.838948,Titanic,All_Defaults,"[4, 4, 1]",Binary Decision,Log-Cosh Loss,ReLU,None,Xavier (Glorot),WIP,599059,0.01,100,Did Not Converge,0.92872,0.3205228120071383
225,40.0,0.295415563010917,2025-06-01T20:54:59.762501,Titanic,All_Defaults,"[4, 4, 1]",Binary Decision,Log-Cosh Loss,Sigmoid,None,He (Kaiming),WIP,599059,0.1,100,Did Not Converge,0.784037,0.295415563010917
226,13.333333333333334,7193.769013040304,2025-06-01T20:55:01.864811,Titanic,All_Defaults,"[4, 4, 1]",Binary Decision,Log-Cosh Loss,Sigmoid,None,Large Random,WIP,599059,0.1,100,Did Not Converge,0.840932,7193.769013040304
227,40.0,0.4886433028732019,2025-06-01T20:55:03.798409,Titanic,All_Defaults,"[4, 4, 1]",Binary Decision,Log-Cosh Loss,Sigmoid,None,Xavier Kill ReLU,WIP,599059,0.1,100,Did Not Converge,0.753621,0.4886433028732019
228,40.0,0.47498023614385976,2025-06-01T20:55:05.849759,Titanic,All_Defaults,"[4, 4, 1]",Binary Decision,Log-Cosh Loss,Sigmoid,None,LeCun,WIP,599059,0.01,100,Did Not Converge,0.834813,0.47498023614385976
229,40.0,0.29545843801111044,2025-06-01T20:55:07.870356,Titanic,All_Defaults,"[4, 4, 1]",Binary Decision,Log-Cosh Loss,Sigmoid,None,Normal Random,WIP,599059,0.1,100,Did Not Converge,0.818325,0.29545843801111044
230,40.0,0.4017413124982984,2025-06-01T20:55:09.441635,Titanic,All_Defaults,"[4, 4, 1]",Binary Decision,Log-Cosh Loss,Sigmoid,None,Small Random,WIP,599059,1e-06,100,Did Not Converge,0.80559,0.40209127512874754
231,40.0,0.29658939500183074,2025-06-01T20:55:11.346417,Titanic,All_Defaults,"[4, 4, 1]",Binary Decision,Log-Cosh Loss,Sigmoid,None,Uniform Random,WIP,599059,0.1,100,Did Not Converge,0.735667,0.29658939500183074
232,40.0,0.29203141745252453,2025-06-01T20:55:13.386486,Titanic,All_Defaults,"[4, 4, 1]",Binary Decision,Log-Cosh Loss,Sigmoid,None,Xavier (Glorot),WIP,599059,0.1,100,Did Not Converge,0.806631,0.29203141745252453
233,40.0,0.2964462326952129,2025-06-01T20:55:15.396559,Titanic,All_Defaults,"[4, 4, 1]",Binary Decision,Log-Cosh Loss,Tanh,None,He (Kaiming),WIP,599059,0.1,100,Did Not Converge,0.831246,0.2964462326952129
234,20.0,10631.510575391358,2025-06-01T20:55:16.981719,Titanic,All_Defaults,"[4, 4, 1]",Binary Decision,Log-Cosh Loss,Tanh,None,Large Random,WIP,599059,1e-06,100,Did Not Converge,0.813019,16925.426200813174
235,40.0,0.2675214720895972,2025-06-01T20:55:18.903549,Titanic,All_Defaults,"[4, 4, 1]",Binary Decision,Log-Cosh Loss,Tanh,None,Xavier Kill ReLU,WIP,599059,0.1,100,Did Not Converge,0.753951,0.271711742891674
236,40.0,0.26982452357074876,2025-06-01T20:55:20.874982,Titanic,All_Defaults,"[4, 4, 1]",Binary Decision,Log-Cosh Loss,Tanh,None,LeCun,WIP,599059,0.1,100,Did Not Converge,0.797842,0.26982452357074876
237,36.666666666666664,0.2772132974250231,2025-06-01T20:55:22.897936,Titanic,All_Defaults,"[4, 4, 1]",Binary Decision,Log-Cosh Loss,Tanh,None,Normal Random,WIP,599059,0.01,100,Did Not Converge,0.843355,0.2772132974250231
238,40.0,0.40255736601962316,2025-06-01T20:55:24.467664,Titanic,All_Defaults,"[4, 4, 1]",Binary Decision,Log-Cosh Loss,Tanh,None,Small Random,WIP,599059,1e-06,100,Did Not Converge,0.800602,0.40273272846175623
239,40.0,0.29009062634456745,2025-06-01T20:55:26.484529,Titanic,All_Defaults,"[4, 4, 1]",Binary Decision,Log-Cosh Loss,Tanh,None,Uniform Random,WIP,599059,0.1,100,Did Not Converge,0.831237,0.29009062634456745
240,40.0,0.3097274385574756,2025-06-01T20:55:28.409090,Titanic,All_Defaults,"[4, 4, 1]",Binary Decision,Log-Cosh Loss,Tanh,None,Xavier (Glorot),WIP,599059,0.1,100,Did Not Converge,0.789023,0.3097274385574756
241,76.66666666666667,0.30478408391647815,2025-06-01T20:55:31.037690,Titanic,All_Defaults,"[4, 4, 1]",Binary Decision,Mean Absolute Error,LeakyReLU,None,He (Kaiming),WIP,599059,0.1,100,Did Not Converge,1.09881,0.329128832703945
242,66.66666666666666,828644479.0515683,2025-06-01T20:55:33.383399,Titanic,All_Defaults,"[4, 4, 1]",Binary Decision,Mean Absolute Error,LeakyReLU,None,Large Random,WIP,599059,9.999999999999999e-06,100,Did Not Converge,1.066439,906628860.767654
243,60.0,0.41484794589618945,2025-06-01T20:55:35.894472,Titanic,All_Defaults,"[4, 4, 1]",Binary Decision,Mean Absolute Error,LeakyReLU,None,Xavier Kill ReLU,WIP,599059,0.01,100,Did Not Converge,1.033534,0.41484794589618945
244,76.66666666666667,0.2570022513215431,2025-06-01T20:55:38.333230,Titanic,All_Defaults,"[4, 4, 1]",Binary Decision,Mean Absolute Error,LeakyReLU,None,LeCun,WIP,599059,0.1,100,Did Not Converge,0.984681,0.28896931188810054
245,80.0,0.24721689818654644,2025-06-01T20:55:40.820475,Titanic,All_Defaults,"[4, 4, 1]",Binary Decision,Mean Absolute Error,LeakyReLU,None,Normal Random,WIP,599059,0.01,100,Did Not Converge,1.017507,0.24721689818654644
246,60.0,0.40005001189588696,2025-06-01T20:55:43.336208,Titanic,All_Defaults,"[4, 4, 1]",Binary Decision,Mean Absolute Error,LeakyReLU,None,Small Random,WIP,599059,9.999999999999999e-05,100,Did Not Converge,1.059897,0.40005001189588696
247,60.0,0.3356380684359939,2025-06-01T20:55:45.800250,Titanic,All_Defaults,"[4, 4, 1]",Binary Decision,Mean Absolute Error,LeakyReLU,None,Uniform Random,WIP,599059,0.1,100,Did Not Converge,1.051814,0.45755597154799693
248,73.33333333333333,0.27380345370820064,2025-06-01T20:55:48.291447,Titanic,All_Defaults,"[4, 4, 1]",Binary Decision,Mean Absolute Error,LeakyReLU,None,Xavier (Glorot),WIP,599059,0.1,100,Did Not Converge,1.037883,0.30286587403036236
249,80.0,0.23590226472942447,2025-06-01T20:55:50.176883,Titanic,All_Defaults,"[4, 4, 1]",Binary Decision,Mean Absolute Error,None,None,He (Kaiming),WIP,599059,0.001,100,Did Not Converge,0.766251,0.25438303767606907
250,60.0,67501299.7289179,2025-06-01T20:55:52.134120,Titanic,All_Defaults,"[4, 4, 1]",Binary Decision,Mean Absolute Error,None,None,Large Random,WIP,599059,9.999999999999999e-06,100,Did Not Converge,0.786053,67501299.7289179
251,80.0,0.31497463902015,2025-06-01T20:55:54.507957,Titanic,All_Defaults,"[4, 4, 1]",Binary Decision,Mean Absolute Error,None,None,Xavier Kill ReLU,WIP,599059,0.1,100,Did Not Converge,0.705884,0.3763334908717858
252,80.0,0.21479157548794342,2025-06-01T20:55:56.496571,Titanic,All_Defaults,"[4, 4, 1]",Binary Decision,Mean Absolute Error,None,None,LeCun,WIP,599059,0.001,100,Did Not Converge,0.774728,0.22010463733692404
253,73.33333333333333,0.28199817924201953,2025-06-01T20:55:58.398190,Titanic,All_Defaults,"[4, 4, 1]",Binary Decision,Mean Absolute Error,None,None,Normal Random,WIP,599059,0.001,100,Did Not Converge,0.718269,0.33149599838608695
254,60.0,0.40004951397470767,2025-06-01T20:56:00.358670,Titanic,All_Defaults,"[4, 4, 1]",Binary Decision,Mean Absolute Error,None,None,Small Random,WIP,599059,9.999999999999999e-05,100,Did Not Converge,0.777372,0.40004951397470767
255,80.0,0.24047233625494996,2025-06-01T20:56:02.303253,Titanic,All_Defaults,"[4, 4, 1]",Binary Decision,Mean Absolute Error,None,None,Uniform Random,WIP,599059,0.01,100,Did Not Converge,0.790994,0.2641730775890152
256,80.0,0.264601642282514,2025-06-01T20:56:04.218346,Titanic,All_Defaults,"[4, 4, 1]",Binary Decision,Mean Absolute Error,None,None,Xavier (Glorot),WIP,599059,0.01,100,Did Not Converge,0.766622,0.2702703455786082
257,80.0,0.25999040590975425,2025-06-01T20:56:06.534475,Titanic,All_Defaults,"[4, 4, 1]",Binary Decision,Mean Absolute Error,ReLU,None,He (Kaiming),WIP,599059,0.1,100,Did Not Converge,0.934334,0.3032946399249324
258,60.0,0.40005000000000024,2025-06-01T20:56:08.789944,Titanic,All_Defaults,"[4, 4, 1]",Binary Decision,Mean Absolute Error,ReLU,None,Large Random,WIP,599059,9.999999999999999e-05,100,Did Not Converge,0.890096,0.40005000000000024
259,60.0,0.4050000000000001,2025-06-01T20:56:11.093976,Titanic,All_Defaults,"[4, 4, 1]",Binary Decision,Mean Absolute Error,ReLU,None,Xavier Kill ReLU,WIP,599059,0.01,100,Did Not Converge,0.918412,0.4050000000000001
260,70.0,0.274781285095483,2025-06-01T20:56:13.418447,Titanic,All_Defaults,"[4, 4, 1]",Binary Decision,Mean Absolute Error,ReLU,None,LeCun,WIP,599059,0.1,100,Did Not Converge,0.971297,0.36437603806596724
261,76.66666666666667,0.2429700594488281,2025-06-01T20:56:15.635015,Titanic,All_Defaults,"[4, 4, 1]",Binary Decision,Mean Absolute Error,ReLU,None,Normal Random,WIP,599059,0.01,100,Did Not Converge,0.96174,0.2429700594488281
262,60.0,0.40005001663536915,2025-06-01T20:56:17.943983,Titanic,All_Defaults,"[4, 4, 1]",Binary Decision,Mean Absolute Error,ReLU,None,Small Random,WIP,599059,9.999999999999999e-05,100,Did Not Converge,0.98069,0.40005001663536915
263,80.0,0.21794444104668,2025-06-01T20:56:20.245393,Titanic,All_Defaults,"[4, 4, 1]",Binary Decision,Mean Absolute Error,ReLU,None,Uniform Random,WIP,599059,0.01,100,Did Not Converge,0.895475,0.22540748699654403
264,80.0,0.2454066826124369,2025-06-01T20:56:22.538194,Titanic,All_Defaults,"[4, 4, 1]",Binary Decision,Mean Absolute Error,ReLU,None,Xavier (Glorot),WIP,599059,0.01,100,Did Not Converge,0.928075,0.25406138591244753
265,60.0,0.40381032191443705,2025-06-01T20:56:24.671342,Titanic,All_Defaults,"[4, 4, 1]",Binary Decision,Mean Absolute Error,Sigmoid,None,He (Kaiming),WIP,599059,0.01,100,Did Not Converge,0.844037,0.4054666470770508
266,60.0,7193.7997660205865,2025-06-01T20:56:26.820075,Titanic,All_Defaults,"[4, 4, 1]",Binary Decision,Mean Absolute Error,Sigmoid,None,Large Random,WIP,599059,0.1,100,Did Not Converge,0.916425,7193.7997660205865
267,60.0,0.4406968835222263,2025-06-01T20:56:29.284289,Titanic,All_Defaults,"[4, 4, 1]",Binary Decision,Mean Absolute Error,Sigmoid,None,Xavier Kill ReLU,WIP,599059,0.1,100,Did Not Converge,1.040029,0.45558411289702705
268,60.0,0.40485871596629064,2025-06-01T20:56:31.740276,Titanic,All_Defaults,"[4, 4, 1]",Binary Decision,Mean Absolute Error,Sigmoid,None,LeCun,WIP,599059,0.01,100,Did Not Converge,0.943712,0.4050439122783142
269,80.0,0.24948774444930896,2025-06-01T20:56:34.305499,Titanic,All_Defaults,"[4, 4, 1]",Binary Decision,Mean Absolute Error,Sigmoid,None,Normal Random,WIP,599059,0.1,100,Did Not Converge,0.994173,0.2669674911018358
270,60.0,0.40009904217211145,2025-06-01T20:56:36.353960,Titanic,All_Defaults,"[4, 4, 1]",Binary Decision,Mean Absolute Error,Sigmoid,None,Small Random,WIP,599059,9.999999999999999e-05,100,Did Not Converge,0.745729,0.40009904217211145
271,60.0,0.40429232312345603,2025-06-01T20:56:38.394302,Titanic,All_Defaults,"[4, 4, 1]",Binary Decision,Mean Absolute Error,Sigmoid,None,Uniform Random,WIP,599059,0.01,100,Did Not Converge,0.835005,0.40429232312345603
272,60.0,0.4027103694283714,2025-06-01T20:56:40.500252,Titanic,All_Defaults,"[4, 4, 1]",Binary Decision,Mean Absolute Error,Sigmoid,None,Xavier (Glorot),WIP,599059,0.01,100,Did Not Converge,0.808002,0.40622510950313917
273,80.0,0.2275933902775563,2025-06-01T20:56:42.447639,Titanic,All_Defaults,"[4, 4, 1]",Binary Decision,Mean Absolute Error,Tanh,None,He (Kaiming),WIP,599059,0.01,100,Did Not Converge,0.792611,0.24295660324844867
274,56.666666666666664,10631.510575391358,2025-06-01T20:56:44.075648,Titanic,All_Defaults,"[4, 4, 1]",Binary Decision,Mean Absolute Error,Tanh,None,Large Random,WIP,599059,1e-06,100,Did Not Converge,0.800132,16925.426200813174
275,76.66666666666667,0.3027549125117061,2025-06-01T20:56:46.154540,Titanic,All_Defaults,"[4, 4, 1]",Binary Decision,Mean Absolute Error,Tanh,None,Xavier Kill ReLU,WIP,599059,0.01,100,Did Not Converge,0.826178,0.3027549125117061
276,80.0,0.2253541802525571,2025-06-01T20:56:48.194023,Titanic,All_Defaults,"[4, 4, 1]",Binary Decision,Mean Absolute Error,Tanh,None,LeCun,WIP,599059,0.01,100,Did Not Converge,0.82562,0.23119862563737553
277,80.0,0.23990750186215923,2025-06-01T20:56:50.170717,Titanic,All_Defaults,"[4, 4, 1]",Binary Decision,Mean Absolute Error,Tanh,None,Normal Random,WIP,599059,0.01,100,Did Not Converge,0.772742,0.23990750186215923
278,60.0,0.4000495197241445,2025-06-01T20:56:52.187692,Titanic,All_Defaults,"[4, 4, 1]",Binary Decision,Mean Absolute Error,Tanh,None,Small Random,WIP,599059,9.999999999999999e-05,100,Did Not Converge,0.809726,0.4000495197241445
279,80.0,0.24339894242080418,2025-06-01T20:56:54.198348,Titanic,All_Defaults,"[4, 4, 1]",Binary Decision,Mean Absolute Error,Tanh,None,Uniform Random,WIP,599059,0.01,100,Did Not Converge,0.77405,0.24465960195413367
280,73.33333333333333,0.29693035801491247,2025-06-01T20:56:56.280119,Titanic,All_Defaults,"[4, 4, 1]",Binary Decision,Mean Absolute Error,Tanh,None,Xavier (Glorot),WIP,599059,0.01,100,Did Not Converge,0.883844,0.29693035801491247
281,80.0,0.29660166091651274,2025-06-01T20:56:58.912250,Titanic,All_Defaults,"[4, 4, 1]",Binary Decision,Mean Squared Error,LeakyReLU,None,He (Kaiming),WIP,599059,0.1,100,Did Not Converge,1.088956,0.2985720220744976
282,6.666666666666667,9.13145472251959e+19,2025-06-01T20:56:59.332762,Titanic,All_Defaults,"[4, 4, 1]",Binary Decision,Mean Squared Error,LeakyReLU,None,Large Random,WIP,599059,1.0000000000000004e-12,1,Gradient Explosion,0.005482,9.13145472251959e+19
283,46.666666666666664,0.43873847023682333,2025-06-01T20:57:01.965014,Titanic,All_Defaults,"[4, 4, 1]",Binary Decision,Mean Squared Error,LeakyReLU,None,Xavier Kill ReLU,WIP,599059,0.001,100,Did Not Converge,1.073819,0.5028409594417068
284,76.66666666666667,0.37171425902905425,2025-06-01T20:57:04.556361,Titanic,All_Defaults,"[4, 4, 1]",Binary Decision,Mean Squared Error,LeakyReLU,None,LeCun,WIP,599059,0.1,100,Did Not Converge,1.09426,0.38617488941068456
285,66.66666666666666,0.41716081308337055,2025-06-01T20:57:07.100815,Titanic,All_Defaults,"[4, 4, 1]",Binary Decision,Mean Squared Error,LeakyReLU,None,Normal Random,WIP,599059,0.01,100,Did Not Converge,0.991204,0.4174877910796881
286,60.0,0.40241616373803585,2025-06-01T20:57:09.226135,Titanic,All_Defaults,"[4, 4, 1]",Binary Decision,Mean Squared Error,LeakyReLU,None,Small Random,WIP,599059,1e-06,100,Did Not Converge,1.077215,0.4028756971771546
287,53.333333333333336,0.30287138485127824,2025-06-01T20:57:11.850263,Titanic,All_Defaults,"[4, 4, 1]",Binary Decision,Mean Squared Error,LeakyReLU,None,Uniform Random,WIP,599059,0.1,100,Did Not Converge,0.998262,0.45392008640487097
288,73.33333333333333,0.2968389297379801,2025-06-01T20:57:14.466739,Titanic,All_Defaults,"[4, 4, 1]",Binary Decision,Mean Squared Error,LeakyReLU,None,Xavier (Glorot),WIP,599059,0.1,100,Did Not Converge,1.07901,0.2968389297379801
289,76.66666666666667,0.29545274063307664,2025-06-01T20:57:16.957487,Titanic,All_Defaults,"[4, 4, 1]",Binary Decision,Mean Squared Error,None,None,He (Kaiming),WIP,599059,0.001,100,Did Not Converge,0.835423,0.29670387871904136
290,3.3333333333333335,7.476069604318137e+21,2025-06-01T20:57:17.324939,Titanic,All_Defaults,"[4, 4, 1]",Binary Decision,Mean Squared Error,None,None,Large Random,WIP,599059,1.0000000000000003e-11,1,Gradient Explosion,0.007011,7.476069604318137e+21
291,56.666666666666664,0.6631215043794361,2025-06-01T20:57:19.309427,Titanic,All_Defaults,"[4, 4, 1]",Binary Decision,Mean Squared Error,None,None,Xavier Kill ReLU,WIP,599059,9.999999999999999e-05,100,Did Not Converge,0.740489,0.6631215043794361
292,76.66666666666667,0.2995990707674013,2025-06-01T20:57:21.693716,Titanic,All_Defaults,"[4, 4, 1]",Binary Decision,Mean Squared Error,None,None,LeCun,WIP,599059,0.01,100,Did Not Converge,0.796278,0.2995990707674013
293,76.66666666666667,0.2979360766805554,2025-06-01T20:57:23.912681,Titanic,All_Defaults,"[4, 4, 1]",Binary Decision,Mean Squared Error,None,None,Normal Random,WIP,599059,0.001,100,Did Not Converge,0.790453,0.29881142854649584
294,60.0,0.4025607950999425,2025-06-01T20:57:25.510557,Titanic,All_Defaults,"[4, 4, 1]",Binary Decision,Mean Squared Error,None,None,Small Random,WIP,599059,1e-06,100,Did Not Converge,0.799322,0.403020611382874
295,80.0,0.2987562422468542,2025-06-01T20:57:27.910952,Titanic,All_Defaults,"[4, 4, 1]",Binary Decision,Mean Squared Error,None,None,Uniform Random,WIP,599059,0.01,100,Did Not Converge,0.777529,0.2987562422468542
296,73.33333333333333,0.31044980759986307,2025-06-01T20:57:30.314562,Titanic,All_Defaults,"[4, 4, 1]",Binary Decision,Mean Squared Error,None,None,Xavier (Glorot),WIP,599059,0.01,100,Did Not Converge,0.84396,0.31044980759986307
297,80.0,0.3288422559475278,2025-06-01T20:57:32.729030,Titanic,All_Defaults,"[4, 4, 1]",Binary Decision,Mean Squared Error,ReLU,None,He (Kaiming),WIP,599059,0.1,100,Did Not Converge,0.984536,0.33104667663572535
298,6.666666666666667,9.569437218528469e+19,2025-06-01T20:57:33.130595,Titanic,All_Defaults,"[4, 4, 1]",Binary Decision,Mean Squared Error,ReLU,None,Large Random,WIP,599059,1.0000000000000004e-12,1,Gradient Explosion,0.004782,9.569437218528469e+19
299,60.0,0.4056578671095675,2025-06-01T20:57:35.534144,Titanic,All_Defaults,"[4, 4, 1]",Binary Decision,Mean Squared Error,ReLU,None,Xavier Kill ReLU,WIP,599059,0.001,100,Did Not Converge,0.990981,0.479784579476216
300,80.0,0.2909831868448642,2025-06-01T20:57:38.021373,Titanic,All_Defaults,"[4, 4, 1]",Binary Decision,Mean Squared Error,ReLU,None,LeCun,WIP,599059,0.1,100,Did Not Converge,1.043164,0.2916729686214459
301,66.66666666666666,0.4194171572995187,2025-06-01T20:57:40.581739,Titanic,All_Defaults,"[4, 4, 1]",Binary Decision,Mean Squared Error,ReLU,None,Normal Random,WIP,599059,0.01,100,Did Not Converge,1.039262,0.4194171572995187
302,60.0,0.4024146935920424,2025-06-01T20:57:43.185295,Titanic,All_Defaults,"[4, 4, 1]",Binary Decision,Mean Squared Error,ReLU,None,Small Random,WIP,599059,1e-06,100,Did Not Converge,1.278533,0.402874235664121
303,80.0,0.3356058943079013,2025-06-01T20:57:46.339637,Titanic,All_Defaults,"[4, 4, 1]",Binary Decision,Mean Squared Error,ReLU,None,Uniform Random,WIP,599059,0.1,100,Did Not Converge,1.292956,0.3408586662800058
304,70.0,0.36473433283352436,2025-06-01T20:57:49.510407,Titanic,All_Defaults,"[4, 4, 1]",Binary Decision,Mean Squared Error,ReLU,None,Xavier (Glorot),WIP,599059,0.1,100,Did Not Converge,1.136772,0.3926949006895636
305,83.33333333333334,0.3024265536730361,2025-06-01T20:57:51.771324,Titanic,All_Defaults,"[4, 4, 1]",Binary Decision,Mean Squared Error,Sigmoid,None,He (Kaiming),WIP,599059,0.1,100,Did Not Converge,0.840099,0.3024265536730361
306,66.66666666666666,0.3946292779766262,2025-06-01T20:57:53.892414,Titanic,All_Defaults,"[4, 4, 1]",Binary Decision,Mean Squared Error,Sigmoid,None,Large Random,WIP,599059,0.1,100,Did Not Converge,0.805466,0.39681039893344844
307,50.0,0.48751381883216977,2025-06-01T20:57:55.892309,Titanic,All_Defaults,"[4, 4, 1]",Binary Decision,Mean Squared Error,Sigmoid,None,Xavier Kill ReLU,WIP,599059,0.1,100,Did Not Converge,0.803089,0.48751381883216977
308,83.33333333333334,0.31543703788944755,2025-06-01T20:57:57.854272,Titanic,All_Defaults,"[4, 4, 1]",Binary Decision,Mean Squared Error,Sigmoid,None,LeCun,WIP,599059,0.1,100,Did Not Converge,0.766495,0.31543703788944755
309,80.0,0.2987905672938948,2025-06-01T20:57:59.846835,Titanic,All_Defaults,"[4, 4, 1]",Binary Decision,Mean Squared Error,Sigmoid,None,Normal Random,WIP,599059,0.1,100,Did Not Converge,0.788727,0.2987905672938948
310,60.0,0.4017479780832175,2025-06-01T20:58:01.446553,Titanic,All_Defaults,"[4, 4, 1]",Binary Decision,Mean Squared Error,Sigmoid,None,Small Random,WIP,599059,1e-06,100,Did Not Converge,0.817044,0.4026638183377884
311,60.0,0.4133793292902511,2025-06-01T20:58:03.460683,Titanic,All_Defaults,"[4, 4, 1]",Binary Decision,Mean Squared Error,Sigmoid,None,Uniform Random,WIP,599059,0.001,100,Did Not Converge,0.827426,0.48095433813061295
312,76.66666666666667,0.2901361459687811,2025-06-01T20:58:05.449095,Titanic,All_Defaults,"[4, 4, 1]",Binary Decision,Mean Squared Error,Sigmoid,None,Xavier (Glorot),WIP,599059,0.1,100,Did Not Converge,0.807066,0.2901361459687811
313,83.33333333333334,0.2970783787636755,2025-06-01T20:58:07.469867,Titanic,All_Defaults,"[4, 4, 1]",Binary Decision,Mean Squared Error,Tanh,None,He (Kaiming),WIP,599059,0.01,100,Did Not Converge,0.802431,0.2970783787636755
314,53.333333333333336,0.4869112045976967,2025-06-01T20:58:09.412953,Titanic,All_Defaults,"[4, 4, 1]",Binary Decision,Mean Squared Error,Tanh,None,Large Random,WIP,599059,0.1,100,Did Not Converge,0.741186,0.48827766895692265
315,60.0,0.38710873809257085,2025-06-01T20:58:11.470002,Titanic,All_Defaults,"[4, 4, 1]",Binary Decision,Mean Squared Error,Tanh,None,Xavier Kill ReLU,WIP,599059,0.01,100,Did Not Converge,0.796039,0.38710873809257085
316,76.66666666666667,0.2531069174556004,2025-06-01T20:58:13.525551,Titanic,All_Defaults,"[4, 4, 1]",Binary Decision,Mean Squared Error,Tanh,None,LeCun,WIP,599059,0.1,100,Did Not Converge,0.83286,0.2531069174556004
317,80.0,0.2730586198862897,2025-06-01T20:58:15.487534,Titanic,All_Defaults,"[4, 4, 1]",Binary Decision,Mean Squared Error,Tanh,None,Normal Random,WIP,599059,0.01,100,Did Not Converge,0.797088,0.2730586198862897
318,60.0,0.4025607084788698,2025-06-01T20:58:17.112150,Titanic,All_Defaults,"[4, 4, 1]",Binary Decision,Mean Squared Error,Tanh,None,Small Random,WIP,599059,1e-06,100,Did Not Converge,0.752111,0.40302052374865727
319,76.66666666666667,0.2824776384152099,2025-06-01T20:58:19.166002,Titanic,All_Defaults,"[4, 4, 1]",Binary Decision,Mean Squared Error,Tanh,None,Uniform Random,WIP,599059,0.1,100,Did Not Converge,0.820206,0.2824776384152099
320,80.0,0.27869531717607,2025-06-01T20:58:21.236941,Titanic,All_Defaults,"[4, 4, 1]",Binary Decision,Mean Squared Error,Tanh,None,Xavier (Glorot),WIP,599059,0.1,100,Did Not Converge,0.817372,0.27869531717607
321,0.0,0.4663791289907866,2025-06-01T20:58:23.660533,Titanic,All_Defaults,"[4, 4, 1]",Binary Decision,Schrdinger's Loss,LeakyReLU,None,He (Kaiming),WIP,599059,0.001,56,Gradient Explosion,0.55502,6.150012884453028e+19
322,0.0,423760502153.732,2025-06-01T20:58:26.388612,Titanic,All_Defaults,"[4, 4, 1]",Binary Decision,Schrdinger's Loss,LeakyReLU,None,Large Random,WIP,599059,1e-09,100,Did Not Converge,1.07301,423760502153.732
323,0.0,1.3098080289142175,2025-06-01T20:58:28.494445,Titanic,All_Defaults,"[4, 4, 1]",Binary Decision,Schrdinger's Loss,LeakyReLU,None,Xavier Kill ReLU,WIP,599059,1e-06,100,Did Not Converge,1.109812,1.3127899413010102
324,0.0,0.398598470449733,2025-06-01T20:58:31.474815,Titanic,All_Defaults,"[4, 4, 1]",Binary Decision,Schrdinger's Loss,LeakyReLU,None,LeCun,WIP,599059,0.001,100,Did Not Converge,1.053941,4.019524614633735
325,0.0,0.6867491382496114,2025-06-01T20:58:34.419104,Titanic,All_Defaults,"[4, 4, 1]",Binary Decision,Schrdinger's Loss,LeakyReLU,None,Normal Random,WIP,599059,9.999999999999999e-05,100,Did Not Converge,1.089279,0.7422689541095238
326,0.0,0.4000141818775891,2025-06-01T20:58:36.698787,Titanic,All_Defaults,"[4, 4, 1]",Binary Decision,Schrdinger's Loss,LeakyReLU,None,Small Random,WIP,599059,9.999999999999999e-06,100,Did Not Converge,1.054264,0.4177939387578006
327,0.0,2.069782176459857,2025-06-01T20:58:38.775581,Titanic,All_Defaults,"[4, 4, 1]",Binary Decision,Schrdinger's Loss,LeakyReLU,None,Uniform Random,WIP,599059,1e-06,100,Did Not Converge,1.011937,2.0782608926279154
328,0.0,3.264941716664544,2025-06-01T20:58:40.942504,Titanic,All_Defaults,"[4, 4, 1]",Binary Decision,Schrdinger's Loss,LeakyReLU,None,Xavier (Glorot),WIP,599059,1e-06,100,Did Not Converge,1.082364,3.2785113466258187
329,0.0,0.9033293201403833,2025-06-01T20:58:42.963537,Titanic,All_Defaults,"[4, 4, 1]",Binary Decision,Schrdinger's Loss,None,None,He (Kaiming),WIP,599059,9.999999999999999e-05,100,Did Not Converge,0.701898,61.61357824789216
330,0.0,1311306364126.0142,2025-06-01T20:58:45.392523,Titanic,All_Defaults,"[4, 4, 1]",Binary Decision,Schrdinger's Loss,None,None,Large Random,WIP,599059,1.0000000000000005e-14,100,Did Not Converge,0.725141,1311306864352.4658
331,0.0,76.4120791427303,2025-06-01T20:58:48.574970,Titanic,All_Defaults,"[4, 4, 1]",Binary Decision,Schrdinger's Loss,None,None,Xavier Kill ReLU,WIP,599059,1.0000000000000005e-14,100,Did Not Converge,0.804375,76.41207917871377
332,0.0,0.5193378812491664,2025-06-01T20:58:50.869142,Titanic,All_Defaults,"[4, 4, 1]",Binary Decision,Schrdinger's Loss,None,None,LeCun,WIP,599059,9.999999999999999e-05,100,Did Not Converge,0.752107,6.952678020657841
333,0.0,1.759591775067005,2025-06-01T20:58:53.120242,Titanic,All_Defaults,"[4, 4, 1]",Binary Decision,Schrdinger's Loss,None,None,Normal Random,WIP,599059,9.999999999999999e-06,100,Did Not Converge,0.769285,2.216263156588824
334,0.0,0.40003172554341704,2025-06-01T20:58:55.496852,Titanic,All_Defaults,"[4, 4, 1]",Binary Decision,Schrdinger's Loss,None,None,Small Random,WIP,599059,9.999999999999999e-06,100,Did Not Converge,0.787117,0.4171402032654766
335,0.0,0.5694984728952236,2025-06-01T20:58:57.051915,Titanic,All_Defaults,"[4, 4, 1]",Binary Decision,Schrdinger's Loss,None,None,Uniform Random,WIP,599059,1e-06,100,Did Not Converge,0.712776,0.5720138753656234
336,0.0,0.689690874243333,2025-06-01T20:58:59.233583,Titanic,All_Defaults,"[4, 4, 1]",Binary Decision,Schrdinger's Loss,None,None,Xavier (Glorot),WIP,599059,9.999999999999999e-05,100,Did Not Converge,0.758512,5.026366008515436
337,0.0,0.47010168263176283,2025-06-01T20:59:01.500175,Titanic,All_Defaults,"[4, 4, 1]",Binary Decision,Schrdinger's Loss,ReLU,None,He (Kaiming),WIP,599059,0.001,58,Gradient Explosion,0.564239,7.720224376450148e+20
338,0.0,428536049233.8021,2025-06-01T20:59:03.938999,Titanic,All_Defaults,"[4, 4, 1]",Binary Decision,Schrdinger's Loss,ReLU,None,Large Random,WIP,599059,1e-09,100,Did Not Converge,0.944625,428536049233.8021
339,0.0,1.4000144999999988,2025-06-01T20:59:05.797951,Titanic,All_Defaults,"[4, 4, 1]",Binary Decision,Schrdinger's Loss,ReLU,None,Xavier Kill ReLU,WIP,599059,1e-06,100,Did Not Converge,0.889436,1.4029844999997545
340,0.0,0.39923047972347486,2025-06-01T20:59:08.090315,Titanic,All_Defaults,"[4, 4, 1]",Binary Decision,Schrdinger's Loss,ReLU,None,LeCun,WIP,599059,0.001,100,Did Not Converge,0.929413,2.5532512805161596
341,0.0,0.6514121183821594,2025-06-01T20:59:10.719808,Titanic,All_Defaults,"[4, 4, 1]",Binary Decision,Schrdinger's Loss,ReLU,None,Normal Random,WIP,599059,9.999999999999999e-05,100,Did Not Converge,0.973986,0.7095778491621202
342,0.0,0.40001271219336626,2025-06-01T20:59:12.796175,Titanic,All_Defaults,"[4, 4, 1]",Binary Decision,Schrdinger's Loss,ReLU,None,Small Random,WIP,599059,9.999999999999999e-06,100,Did Not Converge,0.887061,0.4178013078626502
343,0.0,2.082591535632255,2025-06-01T20:59:14.775201,Titanic,All_Defaults,"[4, 4, 1]",Binary Decision,Schrdinger's Loss,ReLU,None,Uniform Random,WIP,599059,1e-06,100,Did Not Converge,0.988118,2.0911014761816893
344,0.0,3.292211787644219,2025-06-01T20:59:16.639359,Titanic,All_Defaults,"[4, 4, 1]",Binary Decision,Schrdinger's Loss,ReLU,None,Xavier (Glorot),WIP,599059,1e-06,100,Did Not Converge,0.949801,3.305776710121591
345,0.0,0.40999466568801046,2025-06-01T20:59:18.603086,Titanic,All_Defaults,"[4, 4, 1]",Binary Decision,Schrdinger's Loss,Sigmoid,None,He (Kaiming),WIP,599059,0.001,100,Did Not Converge,0.739842,3.816967282408524
346,0.0,7434.113118918815,2025-06-01T20:59:20.396793,Titanic,All_Defaults,"[4, 4, 1]",Binary Decision,Schrdinger's Loss,Sigmoid,None,Large Random,WIP,599059,1e-06,100,Did Not Converge,0.881271,7434.117049219674
347,0.0,2.1067900954633694,2025-06-01T20:59:22.056826,Titanic,All_Defaults,"[4, 4, 1]",Binary Decision,Schrdinger's Loss,Sigmoid,None,Xavier Kill ReLU,WIP,599059,1e-06,100,Did Not Converge,0.841749,2.110266547877537
348,0.0,0.4034580479108468,2025-06-01T20:59:24.327090,Titanic,All_Defaults,"[4, 4, 1]",Binary Decision,Schrdinger's Loss,Sigmoid,None,LeCun,WIP,599059,0.001,100,Did Not Converge,0.996325,4.5117346057820376
349,0.0,0.4167365277607435,2025-06-01T20:59:26.688981,Titanic,All_Defaults,"[4, 4, 1]",Binary Decision,Schrdinger's Loss,Sigmoid,None,Normal Random,WIP,599059,0.001,100,Did Not Converge,0.924846,3.6932038382021903
350,0.0,0.40054877570624847,2025-06-01T20:59:28.873223,Titanic,All_Defaults,"[4, 4, 1]",Binary Decision,Schrdinger's Loss,Sigmoid,None,Small Random,WIP,599059,1e-06,100,Did Not Converge,1.145564,0.40054877570624847
351,0.0,2.3955687822426475,2025-06-01T20:59:30.814529,Titanic,All_Defaults,"[4, 4, 1]",Binary Decision,Schrdinger's Loss,Sigmoid,None,Uniform Random,WIP,599059,1e-06,100,Did Not Converge,0.9775,2.4021108638221857
352,0.0,3.3493719479476893,2025-06-01T20:59:32.600772,Titanic,All_Defaults,"[4, 4, 1]",Binary Decision,Schrdinger's Loss,Sigmoid,None,Xavier (Glorot),WIP,599059,1e-06,100,Did Not Converge,0.879371,3.356186136746392
353,0.0,0.5178408537735436,2025-06-01T20:59:34.976455,Titanic,All_Defaults,"[4, 4, 1]",Binary Decision,Schrdinger's Loss,Tanh,None,He (Kaiming),WIP,599059,9.999999999999999e-05,100,Did Not Converge,0.910496,0.5735285913527916
354,0.0,10682.319529675797,2025-06-01T20:59:36.993059,Titanic,All_Defaults,"[4, 4, 1]",Binary Decision,Schrdinger's Loss,Tanh,None,Large Random,WIP,599059,9.999999999999999e-06,100,Did Not Converge,0.897202,10682.459029672977
355,0.0,6.753072206392278,2025-06-01T20:59:38.759631,Titanic,All_Defaults,"[4, 4, 1]",Binary Decision,Schrdinger's Loss,Tanh,None,Xavier Kill ReLU,WIP,599059,1e-06,100,Did Not Converge,0.826343,6.802051846295589
356,0.0,0.4739836181967707,2025-06-01T20:59:40.863347,Titanic,All_Defaults,"[4, 4, 1]",Binary Decision,Schrdinger's Loss,Tanh,None,LeCun,WIP,599059,9.999999999999999e-05,100,Did Not Converge,0.831078,0.5158349302104283
357,0.0,0.7199099704347564,2025-06-01T20:59:42.965939,Titanic,All_Defaults,"[4, 4, 1]",Binary Decision,Schrdinger's Loss,Tanh,None,Normal Random,WIP,599059,9.999999999999999e-05,100,Did Not Converge,0.851639,0.8211233497979059
358,0.0,0.4000319460826747,2025-06-01T20:59:44.823495,Titanic,All_Defaults,"[4, 4, 1]",Binary Decision,Schrdinger's Loss,Tanh,None,Small Random,WIP,599059,9.999999999999999e-06,100,Did Not Converge,0.85023,0.41714056647836983
359,0.0,0.8893918639591198,2025-06-01T20:59:46.459568,Titanic,All_Defaults,"[4, 4, 1]",Binary Decision,Schrdinger's Loss,Tanh,None,Uniform Random,WIP,599059,1e-06,100,Did Not Converge,0.767128,0.8998638291921938
360,0.0,1.2852461109901676,2025-06-01T20:59:48.178901,Titanic,All_Defaults,"[4, 4, 1]",Binary Decision,Schrdinger's Loss,Tanh,None,Xavier (Glorot),WIP,599059,1e-06,100,Did Not Converge,0.838462,1.2989093117648887
361,99.99998973108916,0.02488289332589357,2025-06-01T20:59:50.668260,Predict_Income_2_Inputs,All_Defaults,"[4, 4, 1]",Regression,Binary Cross-Entropy,LeakyReLU,Sigmoid,He (Kaiming),WIP,599059,0.1,100,Did Not Converge,1.030071,0.026166347747568642
362,99.99977787450183,0.5660009241155204,2025-06-01T20:59:52.698538,Predict_Income_2_Inputs,All_Defaults,"[4, 4, 1]",Regression,Binary Cross-Entropy,LeakyReLU,Sigmoid,Large Random,WIP,599059,1e-06,100,Did Not Converge,0.992948,0.5660009241155204
363,99.9998967507012,0.26309090589971945,2025-06-01T20:59:55.315601,Predict_Income_2_Inputs,All_Defaults,"[4, 4, 1]",Regression,Binary Cross-Entropy,LeakyReLU,Sigmoid,Xavier Kill ReLU,WIP,599059,0.1,100,Did Not Converge,1.135129,0.26309090589971945
364,99.99999009480672,0.025051464330954447,2025-06-01T20:59:58.090545,Predict_Income_2_Inputs,All_Defaults,"[4, 4, 1]",Regression,Binary Cross-Entropy,LeakyReLU,Sigmoid,LeCun,WIP,599059,0.1,100,Did Not Converge,1.191049,0.025239554200183898
365,99.99999020000239,0.024549447778836424,2025-06-01T21:00:01.018405,Predict_Income_2_Inputs,All_Defaults,"[4, 4, 1]",Regression,Binary Cross-Entropy,LeakyReLU,Sigmoid,Normal Random,WIP,599059,0.1,100,Did Not Converge,1.105562,0.024971503728102355
366,99.99989771918658,0.26062309545109735,2025-06-01T21:00:03.743800,Predict_Income_2_Inputs,All_Defaults,"[4, 4, 1]",Regression,Binary Cross-Entropy,LeakyReLU,Sigmoid,Small Random,WIP,599059,0.01,100,Did Not Converge,1.067776,0.26062309545109735
367,99.99998900701965,0.02716073539253415,2025-06-01T21:00:06.309488,Predict_Income_2_Inputs,All_Defaults,"[4, 4, 1]",Regression,Binary Cross-Entropy,LeakyReLU,Sigmoid,Uniform Random,WIP,599059,0.1,100,Did Not Converge,1.040633,0.02801135884282681
368,99.99998916199085,0.02761412229686886,2025-06-01T21:00:08.916313,Predict_Income_2_Inputs,All_Defaults,"[4, 4, 1]",Regression,Binary Cross-Entropy,LeakyReLU,Sigmoid,Xavier (Glorot),WIP,599059,0.1,100,Did Not Converge,1.079996,0.02761647467077542
369,99.9999863496878,0.030462931791011873,2025-06-01T21:00:10.788530,Predict_Income_2_Inputs,All_Defaults,"[4, 4, 1]",Regression,Binary Cross-Entropy,None,Sigmoid,He (Kaiming),WIP,599059,0.01,100,Did Not Converge,0.786888,0.03478254129091264
370,99.99971366170864,0.7296223930239019,2025-06-01T21:00:12.341539,Predict_Income_2_Inputs,All_Defaults,"[4, 4, 1]",Regression,Binary Cross-Entropy,None,Sigmoid,Large Random,WIP,599059,1e-06,100,Did Not Converge,0.729123,0.7296223930239019
371,99.99998517911061,0.03776530459044402,2025-06-01T21:00:14.279134,Predict_Income_2_Inputs,All_Defaults,"[4, 4, 1]",Regression,Binary Cross-Entropy,None,Sigmoid,Xavier Kill ReLU,WIP,599059,0.1,100,Did Not Converge,0.781587,0.03776530459044402
372,99.999986452849,0.030328565818214782,2025-06-01T21:00:16.156355,Predict_Income_2_Inputs,All_Defaults,"[4, 4, 1]",Regression,Binary Cross-Entropy,None,Sigmoid,LeCun,WIP,599059,0.01,100,Did Not Converge,0.776915,0.03451967491112517
373,99.99998645720949,0.028250628749402994,2025-06-01T21:00:18.012928,Predict_Income_2_Inputs,All_Defaults,"[4, 4, 1]",Regression,Binary Cross-Entropy,None,Sigmoid,Normal Random,WIP,599059,0.001,100,Did Not Converge,0.705337,0.0345085638935356
374,99.99989771881214,0.26062404959229457,2025-06-01T21:00:20.119539,Predict_Income_2_Inputs,All_Defaults,"[4, 4, 1]",Regression,Binary Cross-Entropy,None,Sigmoid,Small Random,WIP,599059,0.01,100,Did Not Converge,0.794929,0.26062404959229457
375,99.99998623010956,0.03176225423155051,2025-06-01T21:00:22.008664,Predict_Income_2_Inputs,All_Defaults,"[4, 4, 1]",Regression,Binary Cross-Entropy,None,Sigmoid,Uniform Random,WIP,599059,0.1,100,Did Not Converge,0.699579,0.03508724026021874
376,99.99998641645027,0.027709927833123545,2025-06-01T21:00:23.908738,Predict_Income_2_Inputs,All_Defaults,"[4, 4, 1]",Regression,Binary Cross-Entropy,None,Sigmoid,Xavier (Glorot),WIP,599059,0.01,100,Did Not Converge,0.767975,0.03461242300213543
377,99.99998985366516,0.025133745147916713,2025-06-01T21:00:26.187164,Predict_Income_2_Inputs,All_Defaults,"[4, 4, 1]",Regression,Binary Cross-Entropy,ReLU,Sigmoid,He (Kaiming),WIP,599059,0.1,100,Did Not Converge,0.980982,0.025854010232180737
378,99.99978986721511,0.5354421325505834,2025-06-01T21:00:28.065152,Predict_Income_2_Inputs,All_Defaults,"[4, 4, 1]",Regression,Binary Cross-Entropy,ReLU,Sigmoid,Large Random,WIP,599059,1e-06,100,Did Not Converge,0.889244,0.5354421325505834
379,99.99989772731595,0.2550378239076363,2025-06-01T21:00:30.405571,Predict_Income_2_Inputs,All_Defaults,"[4, 4, 1]",Regression,Binary Cross-Entropy,ReLU,Sigmoid,Xavier Kill ReLU,WIP,599059,0.01,100,Did Not Converge,0.927412,0.2606023808966304
380,99.99999001742545,0.025287642469895,2025-06-01T21:00:32.597973,Predict_Income_2_Inputs,All_Defaults,"[4, 4, 1]",Regression,Binary Cross-Entropy,ReLU,Sigmoid,LeCun,WIP,599059,0.1,100,Did Not Converge,0.903676,0.025436730448176872
381,99.99999034805764,0.02459424219151282,2025-06-01T21:00:34.789687,Predict_Income_2_Inputs,All_Defaults,"[4, 4, 1]",Regression,Binary Cross-Entropy,ReLU,Sigmoid,Normal Random,WIP,599059,0.1,100,Did Not Converge,0.861707,0.02459424219151282
382,99.99989771919232,0.2606230808269255,2025-06-01T21:00:37.052187,Predict_Income_2_Inputs,All_Defaults,"[4, 4, 1]",Regression,Binary Cross-Entropy,ReLU,Sigmoid,Small Random,WIP,599059,0.01,100,Did Not Converge,0.911291,0.2606230808269255
383,99.9999889293761,0.027308626837374252,2025-06-01T21:00:39.265509,Predict_Income_2_Inputs,All_Defaults,"[4, 4, 1]",Regression,Binary Cross-Entropy,ReLU,Sigmoid,Uniform Random,WIP,599059,0.1,100,Did Not Converge,0.848891,0.02820920339805156
384,99.99998911459355,0.027737248360219815,2025-06-01T21:00:41.587728,Predict_Income_2_Inputs,All_Defaults,"[4, 4, 1]",Regression,Binary Cross-Entropy,ReLU,Sigmoid,Xavier (Glorot),WIP,599059,0.1,100,Did Not Converge,0.950232,0.027737248360219815
385,99.99998207919796,0.045664233033700916,2025-06-01T21:00:43.553036,Predict_Income_2_Inputs,All_Defaults,"[4, 4, 1]",Regression,Binary Cross-Entropy,Sigmoid,Sigmoid,He (Kaiming),WIP,599059,0.1,100,Did Not Converge,0.780253,0.045664233033700916
386,99.99978416912498,0.5499615114916432,2025-06-01T21:00:45.178044,Predict_Income_2_Inputs,All_Defaults,"[4, 4, 1]",Regression,Binary Cross-Entropy,Sigmoid,Sigmoid,Large Random,WIP,599059,1e-06,100,Did Not Converge,0.752146,0.5499615114916432
387,99.99997497994225,0.06375394055875307,2025-06-01T21:00:47.234830,Predict_Income_2_Inputs,All_Defaults,"[4, 4, 1]",Regression,Binary Cross-Entropy,Sigmoid,Sigmoid,Xavier Kill ReLU,WIP,599059,0.1,100,Did Not Converge,0.834036,0.06375394055875307
388,99.99998180426206,0.04636480084548782,2025-06-01T21:00:49.186580,Predict_Income_2_Inputs,All_Defaults,"[4, 4, 1]",Regression,Binary Cross-Entropy,Sigmoid,Sigmoid,LeCun,WIP,599059,0.1,100,Did Not Converge,0.798182,0.04636480084548782
389,99.99998226901043,0.04518056937734026,2025-06-01T21:00:51.143012,Predict_Income_2_Inputs,All_Defaults,"[4, 4, 1]",Regression,Binary Cross-Entropy,Sigmoid,Sigmoid,Normal Random,WIP,599059,0.1,100,Did Not Converge,0.761649,0.04518056937734026
390,99.99989763248168,0.2608440294063722,2025-06-01T21:00:53.149700,Predict_Income_2_Inputs,All_Defaults,"[4, 4, 1]",Regression,Binary Cross-Entropy,Sigmoid,Sigmoid,Small Random,WIP,599059,0.01,100,Did Not Converge,0.79633,0.2608440294063722
391,99.99998075065915,0.04904950039716159,2025-06-01T21:00:55.093232,Predict_Income_2_Inputs,All_Defaults,"[4, 4, 1]",Regression,Binary Cross-Entropy,Sigmoid,Sigmoid,Uniform Random,WIP,599059,0.1,100,Did Not Converge,0.718871,0.04904950039716159
392,99.999980639698,0.04933224199226158,2025-06-01T21:00:57.101450,Predict_Income_2_Inputs,All_Defaults,"[4, 4, 1]",Regression,Binary Cross-Entropy,Sigmoid,Sigmoid,Xavier (Glorot),WIP,599059,0.1,100,Did Not Converge,0.798258,0.04933224199226158
393,99.99999389666557,0.015551987299389836,2025-06-01T21:00:59.057051,Predict_Income_2_Inputs,All_Defaults,"[4, 4, 1]",Regression,Binary Cross-Entropy,Tanh,Sigmoid,He (Kaiming),WIP,599059,0.1,100,Did Not Converge,0.789901,0.015551987299389836
394,99.9998729480344,0.32374279644835546,2025-06-01T21:01:00.753728,Predict_Income_2_Inputs,All_Defaults,"[4, 4, 1]",Regression,Binary Cross-Entropy,Tanh,Sigmoid,Large Random,WIP,599059,1e-06,100,Did Not Converge,0.848792,0.32374279644835546
395,99.9999542309611,0.1164524491914343,2025-06-01T21:01:02.925135,Predict_Income_2_Inputs,All_Defaults,"[4, 4, 1]",Regression,Binary Cross-Entropy,Tanh,Sigmoid,Xavier Kill ReLU,WIP,599059,0.1,100,Did Not Converge,0.856577,0.11662469426649545
396,99.99999253676506,0.018958878793641987,2025-06-01T21:01:05.038610,Predict_Income_2_Inputs,All_Defaults,"[4, 4, 1]",Regression,Binary Cross-Entropy,Tanh,Sigmoid,LeCun,WIP,599059,0.1,100,Did Not Converge,0.842561,0.019017167813318046
397,99.99999522983435,0.012154922281059698,2025-06-01T21:01:07.061004,Predict_Income_2_Inputs,All_Defaults,"[4, 4, 1]",Regression,Binary Cross-Entropy,Tanh,Sigmoid,Normal Random,WIP,599059,0.1,100,Did Not Converge,0.738367,0.012154922281059698
398,99.99989771881216,0.26062404949430706,2025-06-01T21:01:09.124693,Predict_Income_2_Inputs,All_Defaults,"[4, 4, 1]",Regression,Binary Cross-Entropy,Tanh,Sigmoid,Small Random,WIP,599059,0.01,100,Did Not Converge,0.834079,0.26062404949430706
399,99.99998970242756,0.025906812843819783,2025-06-01T21:01:11.134891,Predict_Income_2_Inputs,All_Defaults,"[4, 4, 1]",Regression,Binary Cross-Entropy,Tanh,Sigmoid,Uniform Random,WIP,599059,0.1,100,Did Not Converge,0.764404,0.026239380759717237
400,99.9999820122407,0.04583484774591646,2025-06-01T21:01:13.297466,Predict_Income_2_Inputs,All_Defaults,"[4, 4, 1]",Regression,Binary Cross-Entropy,Tanh,Sigmoid,Xavier (Glorot),WIP,599059,0.1,100,Did Not Converge,0.851562,0.04583484774591646
401,0.0035487440675940896,254802.28197812827,2025-06-01T21:01:15.693574,Predict_Income_2_Inputs,All_Defaults,"[4, 4, 1]",Regression,Binary Cross-Entropy with Logits,LeakyReLU,None,He (Kaiming),WIP,599059,1e-09,100,Did Not Converge,1.043481,254802.28197812827
402,-2.0091504125538936e+16,5.1195427790309835e+19,2025-06-01T21:01:15.905069,Predict_Income_2_Inputs,All_Defaults,"[4, 4, 1]",Regression,Binary Cross-Entropy with Logits,LeakyReLU,None,Large Random,WIP,599059,1e-06,1,Gradient Explosion,0.004774,5.1195427790309835e+19
